2940 4980
180 526 277 575 SBCT.
293 527 330 577 11.

242 606 277 651 14.

187 674 329 707 »Ὗ-ν

159 1200 215 1251 Qun
223 1202 267 1244 rint
273 1214 323 1259 qun
329 1216 360 1245 re.

158 1264 250 1323 ligionn
266 1274 358 1311 mutant.

375 312 443 379 128
761 328 815 379 nn
836 328 1018 385 uonrnn.

371 494 551 567 Inusitata
573 495 708 585 omnia,
730 508 917 592 portenta,
934 508 972 571 et
989 508 1166 589 ostenta,
1186 500 1287 597 quia
1303 500 1361 575 Dii
1373 524 1419 599 pn

370 608 433 679 illa
449 608 667 681 videbantur
680 623 836 683 ventura
849 608 1055 699 ostendere,
1074 610 1336 689 dicebantur.
1363 614 1420 687 liti·

370 745 429 793 am
441 722 600 794 sortibus
614 722 841 795 ‹liversorum
858 746 1035 819 generum
1056 726 1300 819 utebantur,
1319 728 1357 802 id
1370 744 1420 816 est,

370 834 409 907 in
426 836 594 907 omnibus
613 836 774 909 fortuitis
791 836 979 909 fortunam
997 862 1103 911 suam
1120 842 1420 937 experiebantur.

370 948 553 1021 Caetcrum
578 948 788 1023 innumeros
813 950 904 1022 alios
931 950 1061 1023 modos
1090 950 1367 1045 divinationis,
1388 980 1422 1029 ne

370 1060 525 1133 stultitia
541 1062 730 1135 hominum
746 1063 856 1136 nimis
873 1064 936 1135 (liu
954 1064 1144 1155 immorer,
1166 1082 1376 1163 praetereo.

426 1182 481 1247 13.
509 1176 602 1256 (lura
628 1175 823 1271 religiones
840 1188 985 1249 mutant
1002 1176 1086 1249 duae
1105 1180 1245 1255 solent
1262 1206 1348 1257 esse
1364 1207 1422 1270 res,

369 1288 487 1361 anrbae
514 1288 553 1361 in
573 1290 845 1371 saccrrlotilnrs3
873 1289 1046 1385 dogmata
1067 1290 1263 1385 absurda,
1291 1310 1333 1369 et
1353 1296 1423 1369 reli-

367 1402 479 1496 gioni,
504 1426 614 1497 quam
640 1402 787 1491 docent,
809 1404 983 1476 contrarii
1000 1426 1135 1477 mores.
1195 1408 1423 1483 Erravemnt

368 1515 465 1587 enim
498 1515 664 1589 homines
695 1516 895 1611 prudentes
926 1515 1089 1589 ecclcsiae
1120 1517 1323 1597 Romanae
1350 1546 1423 1595 cunr

367 1630 467 1725 vulgi
486 1630 695 1725 ignorantia
720 1654 764 1703 eo
790 1654 905 1725 usque
929 1630 1031 1703 abuti
1054 1654 1093 1703 se
1118 1656 1240 1727 posse
1271 1636 1423 1709 arbitra-

367 1741 515 1831 bantur,
530 1756 572 1814 ut
589 1756 777 1838 sperarent
790 1744 933 1815 officere
947 1766 985 1815 se
999 1766 1105 1839 posse
1118 1754 1164 1815 ut
1178 1748 1321 1835 verba,
1336 1748 1423 1825 inter

368 1878 407 1925 se
423 1855 636 1949 pugnantia,
650 1880 723 1927 non
743 1856 853 1927 morlo
872 1867 960 1927 tunc
974 1855 1038 1928 sed
1052 1879 1201 1951 semper
1216 1860 1342 1957 vulgo
1353 1884 1422 1935 cre-

369 1967 555 2039 derentur.
608 1969 787 2041 Paulatim
805 1969 971 2041 eruditur
987 1970 1130 2065 vulgus
1151 1982 1192 2043 et
1204 1975 1422 2057 verborum,

368 2080 499 2173 quibus
515 2080 643 2169 utitur,
661 2080 810 2153 tandem
826 2080 1022 2175 aliquando
1039 2082 1114 2153 vim
1131 2080 1337 2183 intelligit.
1372 2088 1422 2159 Ex

368 2217 440 2288 quo
457 2193 510 2282 fit,
530 2207 570 2265 ut
590 2218 673 2266 curn
691 2193 859 2266 doctores
876 2194 1062 2289 religionis
1079 2218 1134 2279 ea,
1153 2219 1244 2291 quae
1265 2222 1348 2273 non
1365 2224 1421 2273 co

367 2305 509 2379 haerent
527 2306 623 2379 inter
641 2332 691 2396 sc,
710 2332 785 2380 non
803 2308 912 2380 modo
930 2308 1028 2403 ipsos
1045 2308 1146 2403 loqui
1163 2308 1342 2403 videant,
1360 2310 1421 2387 scd

368 2420 478 2492 etiam
493 2420 582 2493 alios
596 2421 649 2493 ita
661 2422 761 2516 loqui
779 2422 947 2517 religiose
962 2422 1102 2517 jubere,
1120 2423 1232 2516 proni
1247 2396 1330 2499 sint
1344 2440 1419 2500 tum

366 2533 464 2629 ipsos
482 2547 772 2609 contemnerent
789 2536 1011 2629 ignorantes,
1026 2548 1105 2607 tum
1128 2534 1249 2630 ipsam
1271 2538 1419 2635 religio
1456 2558 1461 2571 ·

365 2671 450 2720 nem
468 2660 509 2720 ut
529 2648 657 2721 falsam
683 2649 869 2743 suspicari,
893 2661 931 2721 et
957 2672 1038 2720 eam
1056 2666 1120 2720 aut
1144 2650 1340 2745 corrigere
1357 2664 1418 2725 aut

366 2760 497 2856 ejicere
510 2786 531 2833 c
545 2761 703 2834 civitate.
734 2760 944 2833 Cavendum
960 2783 1048 2857 crgo
1062 2760 1243 2856 imprimis
1257 2776 1320 2837 est
1335 2766 1417 2839 doc·

365 2873 504 2946 toribus
517 2874 702 2970 religionis
713 2898 759 2946 ne
773 2874 908 2969 regulis
920 2873 1063 2946 colendi
1080 2874 1199 2945 Deum
1213 2876 1415 2973 quicquam

364 2987 592 3061 immisceant
603 3013 647 3059 ex
662 2987 829 3060 doctrina
841 2986 1086 3083 physicorum.
1099 2986 1196 3059 Nam
1207 2988 1347 3063 evitari
1356 2990 1414 3063 vin

363 3113 587 3198 potest‚cum
599 3127 721 3174 rerum
734 3101 957 3173 naturalium
970 3100 1109 3173 nullam
1120 3100 1286 3175 habeant
1296 3104 1414 3177 scien-

365 3216 465 3304 tiam,
490 3216 577 3311 quin
600 3214 795 3310 aliquando
821 3213 987 3286 incidant
1005 3214 1042 3285 in
1059 3212 1334 3309 propositiones
1351 3218 1413 3289 ab·

364 3329 492 3402 surdas
505 3361 513 3413 ;
534 3354 614 3425 quae
628 3342 768 3425 postca,
783 3330 893 3401 etiam
907 3328 953 3399 ab
966 3326 1123 3399 indoctis
1134 3326 1306 3419 detectae,
1324 3329 1412 3403 faci·

363 3454 429 3515 ant
442 3454 484 3515 ut
501 3441 624 3514 omnia
641 3466 722 3538 quae
740 3441 924 3513 docebunt
941 3453 1226 3513 contemnantur
1241 3472 1251 3524 ;
1285 3466 1414 3539 quem-

363 3555 560 3628 admodum
573 3554 720 3626 detecta
737 3578 760 3624 a
772 3553 935 3625 Lutlrero
954 3552 1146 3625 doctorum
1157 3553 1413 3629 Romanorum

363 3668 585 3763 ignorantia,
612 3691 687 3739 non
714 3666 824 3739 modo
856 3691 1029 3762 magnam
1053 3679 1196 3763 partem
1220 3668 1413 3764 religionis

364 3781 541 3853 Romanae
553 3781 904 3868 tuminnostra‚tum
915 3780 953 3852 in
964 3779 1043 3852 aliis
1053 3779 1225 3876 gentibus
1236 3781 1413 3875 abolevit,

364 3895 429 3967 sed
448 3895 561 3967 etiam
578 3894 674 3989 ipsas
692 3906 821 3988 gentes
843 3892 974 3965 avulsit
994 3918 1016 3963 a
1034 3894 1202 3965 Romana
1224 3894 1411 3971 clientela.

365 4008 475 4091 Quod
488 4008 518 4079 si
530 4008 575 4079 de
587 4006 1034 4095 transubstantiatione,id
1046 4005 1317 4096 est,denatura
1330 4034 1414 4083 cor-

361 4122 462 4219 poris
473 4134 510 4194 ct
520 4120 777 4210 loci‚delibero
789 4120 998 4210 arbitrio,id
1008 4133 1076 4210 est,
1084 4120 1130 4193 de
1141 4122 1415 4197 naturavolun-

361 4235 447 4308 tatis
463 4247 500 4308 et
518 4235 736 4322 intellectus,
754 4235 856 4309 etde
874 4234 954 4309 aliis
971 4236 1093 4323 rebus,
1111 4257 1201 4332 quos
1215 4234 1413 4311 brevitatis
