2940 4980
301 366 350 434 28
685 374 739 430 nn
759 375 942 430 nourun.

115 588 213 640 3ΕοΤο
228 589 266 641 n·
303 557 385 630 quae
415 542 471 606 est
500 532 596 606 inter
622 531 717 630 ipsas
747 542 785 606 et
810 543 967 617 terram3
993 532 1081 606 luna
1109 541 1231 606 autem
1258 555 1346 607 mu.

95 732 99 743 ι
178 670 201 716 a.
303 649 428 722 t'uetur
444 672 467 721 a
484 647 559 721 sole
577 671 682 721 suum
695 647 831 735 lumen,
850 647 889 721 id
905 656 972 737 est,
999 646 1053 720 sol
1070 659 1158 743 agat
1175 671 1241 720 sua
1257 646 1346 722 luce

107 739 261 868 Q&
303 762 342 836 in
360 773 476 834 terras
493 760 676 834 mediante
693 760 903 835 reflectione
920 761 1050 851 lunari,
1078 760 1200 850 idest,
1226 786 1249 835 a
1267 761 1346 835 dis·

105 882 277 959 amquam
302 876 421 951 tantia
437 874 638 973 composita
653 899 698 949 ex
716 875 897 949 distantiis
915 900 938 949 a
954 874 1029 948 sole
1047 874 1096 948 ad
1111 874 1236 948 lunam
1261 888 1300 949 et
1318 901 1345 951 a

105 961 277 1090 inillam
303 991 391 1065 luna
407 989 455 1063 ad
471 1000 618 1078 terram,
637 1012 718 1085 quae
736 988 909 1062 distantia
928 989 1026 1061 inter
1042 989 1133 1062 fixas
1147 999 1185 1062 et
1201 1000 1343 1064 terram

105 1077 290 1188 ffiffllim
302 1103 634 1200 incomparabiliter
667 1103 787 1177 minor
818 1113 896 1188 est;
945 1103 1055 1177 etiam
1097 1105 1149 1177 sie
1182 1105 1258 1194 fiet,
1293 1115 1340 1178 ut

104 1207 289 1268 ¹¹⁰⁸’l¹¹“²¹¹“¹²²
302 1242 511 1316 quanquam
534 1217 649 1291 stellae
669 1218 751 1291 finae
768 1217 923 1291 totidem
940 1227 1061 1290 essent
1078 1217 1184 1308 soles,
1202 1217 1341 1292 miran-

302 1333 389 1407 dum
407 1344 530 1407 tamen
551 1355 626 1405 non
641 1344 737 1405 esset
754 1333 784 1406 si
801 1332 856 1406 sol
873 1345 1009 1422 noster,
1021 1331 1204 1405 mediante
1216 1332 1339 1407 lunari

301 1447 509 1537 reflexione,
534 1455 650 1520 terras
666 1445 783 1542 magis
801 1445 982 1520 illuminet
999 1468 1109 1541 quam
1126 1445 1241 1520 stellae
1253 1447 1340 1521 fixae

302 1560 409 1635 simul
427 1583 564 1633 omnes.

350 1675 647 1748 observaverunt
663 1672 835 1770 permulti
854 1684 939 1770 post
964 1696 1145 1763 somnum,
1171 1684 1339 1772 tempore

299 1787 493 1877 matutino,
522 1786 668 1884 quando
698 1785 824 1869 oeulis,
850 1786 1068 1884 simulatque
1094 1787 1211 1883 aperti
1237 1798 1337 1878 sunt,

300 1901 474 1998 objicitur
484 1900 656 1989 fenestra,
667 1898 720 1973 ita
732 1899 984 1974 vehementem
998 1901 1126 1975 sentiri
1139 1901 1337 1992 actionem,

300 2027 341 2088 ut
370 2014 500 2089 clausis
530 2037 655 2087 rursus
682 2013 803 2110 imago
833 2028 955 2088 tamen
980 2015 1150 2091 fenestra
1170 2014 1319 2111 aliquan

300 2127 364 2201 diu
389 2128 588 2212 mhaereat3
628 2126 934 2224 quemadmodum
964 2128 1099 2202 accidit
1133 2129 1244 2201 etiam
1277 2128 1335 2219 iis,

300 2242 363 2338 qui
397 2241 510 2315 solem
552 2240 736 2315 intuentes
772 2241 910 2315 habent
952 2243 1163 2339 aliquandiu
1204 2243 1334 2316 obver-

300 2367 441 2430 santem
459 2354 573 2430 oculis
590 2354 787 2452 imaginem
805 2355 900 2429 solis.
954 2356 1072 2430 Causa
1088 2357 1165 2453 ejus
1188 2355 1241 2430 rei
1267 2366 1335 2446 est,

300 2469 398 2566 quod
439 2469 587 2567 spiritus
627 2467 792 2542 animalis
828 2479 912 2564 post
947 2492 1116 2544 somnum
1151 2469 1199 2543 ad
1234 2481 1336 2542 exte-

296 2582 396 2656 riora
415 2581 573 2670 redienS,
602 2580 910 2678 quemadmodum
932 2605 1043 2679 supra
1059 2580 1334 2673 declaravimus,

296 2696 385 2770 facit
398 2705 440 2769 ut
465 2694 671 2769 resistentia
695 2695 735 2768 in
760 2693 881 2769 retina
905 2694 954 2770 sit
979 2697 1107 2793 maj0r‚
1135 2695 1175 2769 id
1199 2706 1266 2782 est,
1292 2706 1335 2769 ut

297 2810 416 2884 sensio
434 2809 481 2882 sit
501 2808 642 2882 fortior.
694 2808 763 2881 Pro
788 2807 1005 2882 fortitudine
1036 2820 1159 2882 autem
1183 2808 1334 2883 visionis

296 2923 412 3021 magis
430 2922 595 2999 minusve
611 2934 821 3021 perseverat
837 2922 959 3021 imago
977 2935 1166 3021 concepta.
