2940 4980
324 374 392 440 180
731 388 946 441 monnone.

125 591 224 642 sacr,
239 592 291 641 111,
319 555 393 629 ciat
409 555 669 630 misericordiae
683 555 827 645 divinae,
841 579 916 630 non
928 554 1068 652 obligat
1081 579 1119 629 se
1130 554 1179 628 ad
1194 579 1357 653 poenam:

136 669 278 773 ,ξω
319 668 405 764 quia
415 692 559 765 semper
568 669 709 743 licitum
723 679 780 742 est
795 692 956 765 poenam,
969 681 1170 764 utcumque
1182 692 1362 765 provoca-

318 793 407 872 tam,
425 781 625 878 deprecari,
642 795 752 878 atque
771 782 905 871 divina,
916 783 948 855 si
960 783 1195 871 concedatur,
1213 782 1286 855 frui
1303 783 1364 855 in-

320 893 518 991 dulgentia.
582 896 743 969 Effectus
767 918 855 990 ergo
879 896 1079 991 juramenti
1106 896 1137 968 is
1163 896 1260 969 solus
1290 906 1362 985 est,

319 1019 361 1082 ut
376 1008 595 1099 hominibus,
619 1019 751 1081 natura
775 1009 900 1104 pronis
927 1009 975 1082 ad
1000 1009 1236 1083 violationem
1263 1009 1364 1083 datae

319 1122 417 1213 fidei,
436 1125 551 1218 major
564 1123 697 1218 juratis
715 1146 825 1195 causa
841 1123 888 1195 sit
905 1122 1104 1196 metuendi.

106 1265 262 1311 summum
371 1244 431 1309 23.
458 1234 715 1308 «loramentum
729 1235 885 1331 exigere,
897 1236 961 1308 nbi
974 1258 1092 1331 neque
1106 1234 1255 1308 violatio
1273 1259 1362 1332 pac-

106 1329 455 1451 }ffifffflffltomm,
483 1348 514 1420 si
544 1371 617 1442 quo
641 1348 718 1436 fiat,
743 1347 857 1419 latere
883 1358 1018 1444 potest,
1034 1371 1154 1442 neque
1178 1347 1222 1436 ei,
1241 1348 1302 1419 eui
1320 1349 1364 1420 fit

107 1457 309 1582 ffifflffl
321 1462 480 1558 sponsi0,
499 1461 601 1535 deest
617 1473 781 1557 potestas
805 1485 933 1556 poenas
958 1461 1139 1557 exigendi,
1158 1472 1213 1533 est
1238 1459 1364 1532 faeere

107 1574 474 1671 notatiunffinffiamplius
485 1572 623 1670 aliquid
633 1598 743 1669 quam
753 1573 801 1647 ad
811 1574 867 1646 sui
878 1573 1126 1647 defensionem
1137 1573 1185 1645 sit
1195 1594 1363 1656 necesse;

108 1653 186 1698 ’Μ’
320 1688 575 1785 significatque
611 1687 774 1760 animum
801 1687 972 1782 cupiendi
1009 1707 1083 1758 non
1106 1695 1183 1758 tam
1220 1694 1263 1758 ut
1291 1685 1364 1759 sibi

320 1802 426 1890 bene,
441 1825 551 1896 quom
568 1812 611 1873 ut
624 1801 678 1873 illi
690 1800 784 1873 male
802 1800 861 1872 sit.
913 1798 1170 1871 loramentum
1187 1798 1297 1887 enim,
1315 1822 1363 1871 ex

319 1914 478 1989 formula
490 1913 651 2009 jurandi,
660 1913 821 2010 pertinet
831 1912 878 1985 ad
890 1912 982 1984 iram
993 1911 1063 1984 Dei
1076 1911 1363 2007 provocandam,

223 2041 227 2049 '
320 2028 391 2102 hoc
409 2041 476 2117 est,
490 2027 751 2126 omnipotentie
769 2027 807 2099 in
819 2050 893 2116 eos,
907 2025 971 2121 qui
983 2025 1095 2098 fidem
1112 2025 1195 2098 ideo
1208 2025 1362 2115 violant,

322 2141 408 2237 qnia
417 2141 584 2236 potentia
597 2165 662 2214 sua
671 2165 817 2237 poenam
827 2141 1026 2213 humanam
1035 2139 1195 2235 effugere
1205 2162 1245 2211 se
1253 2162 1364 2235 posse

322 2254 497 2340 sentiunt,
515 2263 554 2326 et
570 2253 738 2327 omniscii
762 2254 800 2327 in
818 2277 892 2343 eoo,
911 2253 974 2348 qui
991 2252 1103 2324 fidem
1122 2252 1260 2325 violare
1277 2251 1364 2325 ideo

323 2368 453 2458 solent,
467 2367 553 2462 quia
565 2367 690 2441 oculos
701 2367 891 2440 hominum
901 2367 1016 2440 latere
1031 2390 1069 2440 se
1082 2389 1189 2462 posse
1200 2375 1363 2462 sperant.
