2940 4980
300 324 367 392 108
685 342 738 393 uu
759 340 940 395 nouum.

103 536 199 586 sacr.
219 538 259 589 n.
294 506 472 581 dentium.
526 508 621 581 Nam
643 509 673 581 si
696 509 777 605 quis
794 508 933 583 dictum
950 508 1117 607 aliquod
1138 512 1342 603 dixeritrrl

111 615 253 718 ᾧ
294 621 432 693 factum
457 621 605 717 aliquod
626 622 826 719 egregium,
852 635 893 696 ut
919 621 988 696 sibi
1013 624 1197 719 videtur,
1222 628 1342 719 fecerit,

103 754 171 800 nnn·
180 762 201 799 a
211 756 282 799 nom.
294 758 453 831 pronum
470 734 504 806 ei
521 745 576 807 est
602 735 733 807 ridere.
786 735 879 808 Item
904 735 935 808 si
960 734 1058 811 alius
1086 738 1243 815 dixerit
1266 740 1343 815 leae-

295 846 387 919 ritre
405 847 541 943 aliquid
567 847 749 938 indecore,
776 849 923 945 quicum
945 874 984 921 se
1001 874 1248 949 comparans
1264 880 1343 929 cuu-

296 960 500 1033 mendatior
517 961 585 1033 sibi
600 962 642 1033 fit
660 986 769 1057 cluam
786 975 883 1051 ante,
900 962 961 1035 vix
973 966 1127 1058 poterit
1142 990 1235 1043 sese
1252 968 1344 1041 arian

296 1074 491 1147 abstinere.
527 1076 575 1147 Et
587 1074 842 1147 universaliter
855 1076 975 1170 passio
987 1074 1225 1172 ridentium,
1238 1080 1345 1155 estsu

296 1186 364 1258 sibi
391 1212 435 1259 ex
463 1188 636 1261 indecoro
663 1188 782 1260 alieno
800 1188 920 1261 subita
936 1192 1245 1269 commendatio.
1296 1194 1345 1269 lli·

295 1298 403 1374 detur
425 1324 514 1397 ergo
540 1301 630 1373 nihil
654 1300 731 1372 fere
758 1300 827 1373 nisi
852 1301 1033 1385 subitum;
1063 1326 1203 1401 neque
1231 1306 1347 1381 eadem

295 1437 352 1485 rcs
381 1439 498 1511 neque
528 1414 638 1486 iidem
662 1415 738 1509 joci
768 1414 899 1510 saepius
925 1414 1099 1490 ridentur
1127 1420 1183 1493 ab
1213 1420 1346 1495 iisdem

296 1528 508 1600 Amicorum
538 1539 662 1599 autern
691 1526 749 1599 vel
774 1527 1140 1624 consanguineorum
1175 1532 1348 1609 indecora

295 1666 370 1713 non
391 1641 569 1723 ridentur,
595 1640 779 1735 quianon
805 1652 891 1713 sunt
916 1640 1045 1714 aliena.
1103 1644 1213 1721 Quae
1241 1648 1348 1721 risum

297 1776 385 1848 ergo
402 1765 550 1826 movent
570 1754 641 1825 tria
662 1764 748 1826 sunt
771 1754 988 1849 conjuncta;
1014 1752 1266 1851 indecorum,
1291 1760 1348 1835 ali·

297 1890 417 1953 enum,
433 1878 469 1939 et
486 1866 659 1939 subitum.

347 1978 530 2051 Flentium
557 1980 678 2074 passio
706 1991 836 2052 contra
853 1991 920 2068 est,
941 1979 1087 2075 quaudo
1105 1982 1198 2079 quis
1217 1986 1270 2059 ab
1288 1984 1348 2059 uli-

247 2172 254 2189 ,
297 2116 371 2187 qua
396 2093 603 2165 vehementi
634 2117 699 2189 spe
730 2094 850 2166 subito
878 2118 916 2165 se
946 2093 1132 2188 dejectum
1165 2096 1347 2195 concipit

227 2220 243 2237 “
297 2205 427 2302 Itaque
444 2231 508 2303 spe
526 2206 666 2280 dilatati
685 2206 833 2301 spiritus
847 2206 1032 2296 animales,
1046 2206 1174 2283 subito
1192 2210 1347 2285 fallente

297 2344 360 2415 spe
379 2320 572 2409 contracti,
590 2320 768 2416 impetum
792 2320 830 2393 in
854 2345 993 2418 organa
1014 2320 1239 2397 lacrimandi
1258 2322 1347 2397 faci-

296 2446 411 2523 enteS‚
438 2433 643 2523 humorem,
672 2433 733 2530 qui
762 2432 799 2505 in
829 2433 899 2506 illis
923 2444 990 2523 est,
1019 2432 1057 2504 iu
1079 2432 1213 2509 oculos
1243 2436 1348 2533 cogit

296 2546 513 2621 redundare.
566 2548 767 2620 Plurimum
795 2559 833 2619 et
860 2547 993 2643 saepius
1019 2546 1122 2637 flent,
1139 2548 1210 2644 qui
1237 2572 1346 2647 spem

296 2661 334 2732 in
364 2685 402 2734 se
430 2661 631 2750 minimam,
658 2660 696 2732 in
730 2659 855 2734 amicis
888 2659 1084 2756 plurimam
1116 2658 1277 2753 habent,
1304 2672 1347 2737 ut

296 2773 443 2847 femina
461 2786 499 2846 et
516 2773 686 2846 infantes.
739 2771 938 2845 Plurimum
956 2771 1090 2861 rident,
1108 2772 1172 2869 qui
1191 2798 1216 2847 a
1231 2774 1344 2851 actis

297 2888 370 2961 suis
387 2887 629 2961 laudabilibus
642 2885 871 2983 paucissima,
890 2886 935 2957 ab
960 2884 1115 2959 aliorum
1131 2884 1245 2963 factis
1262 2902 1346 2963 tur-

296 3000 403 3096 pibus
434 3001 580 3074 virtutis
611 3025 685 3073 suae
713 3000 870 3096 plurima
897 3011 1116 3095 argumenta
1142 3000 1343 3099 colligunt

298 3115 404 3188 Fient
422 3139 567 3211 quoque
585 3114 782 3209 aliquando
799 3125 881 3210 post
906 3112 977 3185 iras
994 3112 1104 3185 amici
1120 3111 1160 3185 in
1176 3116 1344 3209 gratiam

297 3227 503 3300 redeuntes.
555 3228 622 3299 Est
650 3227 747 3298 enim
771 3225 902 3298 reditio
920 3225 959 3297 in
976 3225 1133 3320 gratiam
1150 3226 1343 3303 tendentis

297 3342 345 3414 ad
362 3340 561 3413 vindictam
578 3339 699 3413 subita
716 3338 828 3412 animi
845 3337 1000 3434 repulsa.
1052 3336 1158 3410 Fient
1175 3361 1283 3437 ergo,
1299 3352 1344 3415 ut

297 3455 401 3553 pueri
416 3455 534 3527 inulti.

349 3577 384 3642 8.
411 3570 537 3656 Amor,
556 3568 586 3639 si
604 3567 823 3663 conspicuus
842 3564 902 3654 sit,
920 3565 957 3637 in
983 3576 1038 3638 tot
1056 3564 1247 3660 passiones
1264 3568 1344 3643 fere

298 3681 484 3770 dividitur,
499 3695 590 3776 quot
617 3693 703 3754 sunt
720 3678 854 3752 amoris
872 3679 1027 3773 objecta.
1080 3678 1133 3751 Ut
1154 3703 1262 3754 amor
1276 3706 1343 3779 pe-

297 3796 429 3885 cuniae,
454 3818 558 3867 amor
579 3793 768 3889 potentiae,
783 3815 886 3865 amor
904 3790 1081 3880 scientia,
1100 3802 1170 3864 etc.
1223 3794 1345 3871 Amor

296 3908 475 4004 pecuniae,
494 3908 524 3980 si
542 3905 691 3978 modum
709 3904 875 3992 excedat,
889 3903 1068 3988 avaritia;
1086 3928 1190 3977 amor
1205 3918 1344 4002 poten.

297 4022 360 4094 tiae
378 4021 504 4111 civilis,
523 4020 554 4093 si
576 4016 839 4091 immoderatus
865 4016 925 4103 sit,
944 4016 1095 4091 ambitio
1111 4019 1344 4099 nominatur.

297 4136 517 4211 Perturbant
534 4132 631 4206 enim
649 4143 686 4205 et
698 4140 912 4228 pervertunt
928 4129 1101 4203 animum.

346 4250 461 4322 Amor
480 4258 614 4335 autem,
633 4269 705 4342 quo
733 4244 844 4317 homo
862 4241 1050 4315 hominem
1068 4255 1179 4334 amat,
1199 4242 1346 4345 duplici
