2940 4980
344 365 417 429 210
750 378 976 431 murman.

153 576 248 624 sacr.
264 577 314 628 nr.
344 558 494 643 paratus
511 547 633 619 animo
651 547 698 620 sit
721 547 768 620 ad
785 572 913 644 pacem
929 546 1147 638 habendam,
1170 547 1237 621 ubi
1254 547 1396 620 haberi

162 670 305 758 ,μ
344 670 476 755 potest.

137 792 298 867 {messaara
395 783 430 845 2.
456 772 600 845 Tritum
620 785 676 845 est
706 773 806 845 inter
837 798 944 845 orma
961 772 1077 846 silere
1094 772 1229 871 leges;
1256 783 1297 845 et
1326 797 1392 845 ve-

135 862 318 965 llissmmm
345 909 426 957 rum
447 898 514 971 est,
533 911 607 959 non
625 887 734 959 modo
755 886 800 959 de
824 886 966 982 legibus
984 886 1161 975 civilibus,
1189 884 1390 959 sedetiam

346 997 391 1070 de
408 997 488 1093 lege
506 999 675 1088 naturali,
694 999 724 1071 si
751 1023 827 1072 non
844 999 891 1072 ad
920 1001 1094 1090 animum,
1112 1000 1177 1073 sed
1202 1000 1252 1072 ad
1268 1001 1389 1073 aetio-

345 1135 409 1184 nes
427 1111 605 1184 referatur
622 1135 687 1207 per
704 1112 791 1207 Cap.
812 1134 876 1184 111.
895 1125 963 1185 art.
982 1117 1043 1195 27.
1095 1115 1143 1186 Et
1155 1112 1292 1185 bellum
1311 1113 1388 1186 tale

346 1225 580 1319 intelligatur,
598 1236 640 1297 ut
654 1225 702 1298 sit
720 1226 882 1298 omnium
896 1237 1173 1316 contraomnes‚
1191 1226 1309 1322 qualis
1327 1240 1387 1300 est

345 1349 469 1411 statue
486 1348 630 1411 notura
643 1362 778 1422 mem
806 1363 1027 1435 quamquam
1039 1417 1040 1421 ,
1051 1340 1090 1412 in
1107 1340 1203 1413 bello
1219 1339 1385 1412 nationis

346 1465 475 1526 contra
491 1452 677 1524 nationem
702 1451 833 1524 modus
851 1452 999 1548 quidam
1022 1452 1199 1525 custodiri
1225 1452 1383 1525 solebat.

346 1564 506 1660 Ideoque
540 1564 669 1660 priscis
709 1564 934 1660 temporibus
974 1564 1060 1638 vitae
1094 1565 1316 1653 institutum,
1344 1574 1383 1636 et

347 1677 449 1773 quasi
489 1676 692 1750 oeconomia
726 1677 894 1772 quaedam
928 1687 1019 1766 erat,
1054 1701 1163 1772 quam
1196 1679 1382 1750 vocabant

345 1792 531 1884 λῃστρικὴν,
546 1801 660 1888 rupto
678 1790 830 1873 civere;
857 1814 938 1885 quae
963 1813 1082 1886 neque
1110 1802 1238 1863 contra
1260 1791 1383 1895 legem

345 1915 487 1975 naturae
504 1914 594 1993 erat,
611 1904 719 1976 rebus
737 1903 789 1975 sic
815 1903 1009 1986 stantibus,
1022 1927 1140 1998 neque
1166 1902 1243 1975 sine
1260 1904 1382 1999 gloria

346 2016 428 2107 illis,
455 2016 518 2112 qui
551 2040 631 2089 eam
660 2016 806 2089 fortiter
831 2041 900 2089 nee
927 2016 1123 2090 crudeliter
1149 2017 1380 2090 exercebant.

346 2129 428 2202 Mos
446 2141 525 2201 erat
541 2130 624 2219 illis,
644 2143 779 2204 caetera
800 2130 1038 2226 rapientibus
1057 2142 1093 2204 et
1109 2130 1195 2203 m’tae
1217 2154 1382 2226 parcere,

346 2252 423 2315 eta
450 2243 568 2315 bubus
592 2243 798 2316 aratoribus
823 2245 995 2340 omnique
1022 2245 1266 2318 instrumento
1283 2245 1383 2340 agri-

346 2356 499 2429 culturae
517 2357 709 2430 abstinere.
763 2357 874 2432 Quod
890 2368 1014 2431 tamen
1037 2381 1113 2430 non
1130 2358 1183 2430 ita
1199 2368 1255 2429 est
1284 2357 1383 2430 acci-

344 2468 530 2565 piendum,
569 2482 745 2566 tanquam
782 2471 830 2544 ad
868 2471 909 2544 id
947 2471 1264 2567 adstringerentur
1299 2471 1382 2568 lege

345 2594 497 2672 naturae,
516 2583 581 2655 sed
603 2583 701 2678 quod
725 2583 851 2678 gloriae
877 2609 951 2658 suae
986 2585 1229 2671 consulerent,
1261 2594 1298 2656 et
1334 2608 1383 2657 ne

343 2695 457 2769 nimia
474 2696 688 2770 crudelitate
704 2707 823 2770 metus
839 2712 1090 2795 arguerentur.

151 2825 293 2904 serapem
396 2819 431 2883 3.
458 2810 550 2884 Cum
573 2834 660 2906 ergo
686 2810 733 2883 ad
758 2835 886 2907 pacem
903 2813 1189 2886 conservandam
1214 2834 1381 2884 necessa-

148 2891 321 3012 llllgss‘fll'
345 2923 441 2995 rium
470 2936 519 2996 slt
552 2924 641 3019 legis
672 2925 848 2999 matruelis
878 2926 1113 3011 exercitium
1140 2937 1178 2999 et
1211 2925 1258 2998 ad
1287 2924 1380 3020 legis

148 3023 334 3131 ζᾞζῗξῗ
346 3038 520 3110 naturalis
537 3038 751 3111 exercitium
764 3039 967 3113 necessaria
984 3040 1031 3113 sit
1044 3040 1256 3121 recurrimus
1291 3063 1380 3111 con-

149 3150 272 3195 ΝΜ·
346 3149 579 3223 siderandum
605 3161 660 3224 est
687 3151 776 3247 quid
802 3152 849 3225 sit
878 3151 976 3247 quod
1004 3152 1116 3225 talem
1145 3150 1378 3225 securitatem

343 3274 518 3359 praestare
532 3263 656 3360 possit.
700 3265 761 3338 Ad
778 3263 872 3338 hane
886 3289 962 3338 rem
977 3265 1180 3361 excogitari
1193 3263 1292 3337 aliud
1302 3289 1379 3338 non

342 3389 476 3472 potest,
493 3388 739 3473 praeterquam
755 3388 798 3450 ut
819 3379 1068 3474 unusquisque
1088 3378 1222 3451 auxilia
1245 3377 1379 3451 idonea

342 3490 412 3563 sibi
439 3502 639 3587 comparet,
663 3492 794 3587 quibus
819 3492 958 3567 invasio
984 3491 1133 3564 alterius
1158 3491 1196 3564 in
1222 3491 1377 3564 alterum

342 3601 434 3675 adeo
451 3603 654 3699 periculosa
679 3604 866 3693 reddatur,
885 3615 927 3677 ut
956 3605 1070 3678 satius
1096 3604 1164 3677 sibi
1182 3628 1260 3677 esse
1276 3614 1376 3677 uter-

342 3740 412 3811 que
429 3727 534 3812 putet
558 3739 687 3789 manus
713 3716 884 3789 cohibere
911 3741 1022 3813 quam
1045 3740 1247 3790 conserere.
1300 3716 1377 3789 Pri-

340 3853 442 3901 mum
469 3839 593 3902 autem
627 3829 861 3902 manifestum
894 3842 962 3919 est,
999 3830 1099 3927 quod
1129 3829 1284 3903 duorum
1319 3831 1376 3904 vel

339 3942 451 4016 trium
482 3942 672 4015 consensio
702 3941 936 4015 securitatem
963 3942 1073 4015 talem
1107 3942 1257 4016 minime
1282 3967 1377 4039 prae-

341 4066 438 4129 stare
455 4056 591 4153 possit;
617 4065 812 4151 propterea
825 4054 923 4150 quod
940 4055 1079 4128 additio
1091 4080 1135 4129 ex
1145 4056 1376 4152 alteraperte

339 4169 447 4242 unius
464 4168 522 4241 vel
538 4191 739 4265 paucorum
755 4167 945 4241 hominum
964 4169 1098 4244 sufficit
1115 4170 1162 4243 ad
1180 4181 1319 4243 certam
1337 4182 1376 4244 ct

340 4280 584 4356 indubitatem
601 4281 805 4371 victoriam,
824 4282 959 4379 datque
977 4283 1139 4357 animum
1163 4284 1392 4371 adversario
