2940 4980
315 341 360 406 34
449 359 452 363 ’
699 354 752 406 nn
772 353 954 406 nonina.

125 549 222 601 sacr.
241 550 279 601 n.
315 517 499 608 (secundae
524 519 666 614 figurae)
682 520 833 615 trapezii
859 520 956 592 linea
983 518 1186 615 diagonalis
1215 521 1361 613 reprae-

107 627 269 731 „L
317 632 477 705 sentabit
504 633 579 705 AC
605 632 834 729 diagonalem
861 635 989 729 figurae
1015 633 1156 729 primae.
1207 631 1360 705 Deinde

105 765 236 823 Tranzium
317 744 434 819 divisa
460 746 536 819 AB
563 746 748 840 (secundae
774 749 919 844 figurae)
951 748 990 820 in
1019 757 1143 843 partes
1170 745 1361 842 quotlibet

104 832 293 953 lilim
319 860 488 955 aequales
506 875 597 956 puta
615 871 784 958 quatuor,
803 884 958 958 quarum
976 859 1058 934 dnae
1075 860 1150 934 sint
1166 859 1248 948 GS,
1268 859 1295 930 S
1312 859 1358 950 B,

104 962 223 1018 ’ΜΨ
233 962 296 1005 flnffi'
316 984 354 1046 et
373 973 449 1046 DC
466 974 505 1046 in
534 974 688 1047 totidem
716 985 838 1071 partes
869 974 980 1048 etiam
1007 974 1176 1070 aequales,
1195 996 1360 1069 quarum

316 1085 398 1161 duae
415 1088 489 1160 sint
506 1087 523 1160 I
538 1088 587 1177 H,
606 1088 643 1159 H
660 1089 700 1177 0,
714 1101 751 1161 et
765 1088 971 1184 conjunctis
985 1087 1149 1160 terminis
1162 1085 1359 1160 divisionis

314 1226 381 1298 per
407 1202 521 1275 lineas
547 1214 679 1291 rectas,
698 1227 751 1276 eae
776 1213 889 1276 rectae
917 1203 1093 1275 secabunt
1119 1199 1358 1296 diagonalem

313 1315 348 1387 A
359 1315 399 1388 C.
451 1316 520 1388 Per
548 1326 686 1411 puncta
711 1327 835 1388 autem
852 1315 1153 1388 intersectionum
1169 1312 1360 1386 ducantur

314 1438 425 1501 reotae
453 1428 544 1517 ΘΚ,
568 1429 656 1517 ΟΡ,
679 1427 767 1502 ΜΝ
796 1428 943 1501 basibus
970 1427 1163 1524 parallelae.
1220 1427 1359 1522 ltaque

314 1541 466 1615 AQRB
487 1542 691 1637 trapezium
705 1541 982 1637 repraesentabit
994 1541 1248 1637 reetangulum
1259 1542 1357 1628 AR;

314 1666 351 1728 et
369 1657 573 1751 trapezium
592 1656 673 1730 00
688 1655 761 1727 PR
778 1656 1033 1751 reetaugulnm
1047 1655 1084 1729 Q
1096 1655 1124 1727 P
1138 1685 1148 1740 ;
1174 1665 1211 1726 et
1229 1667 1357 1752 trape-

314 1769 410 1841 zium
429 1770 509 1842 ΟΝ
527 1770 827 1865 rectangulumO
843 1769 878 1841 N
891 1802 900 1853 ;
927 1781 964 1842 et
978 1769 1134 1865 denique
1147 1770 1355 1864 trapezium

314 1882 356 1954 M
369 1884 398 1956 C
416 1885 671 1980 reetangulum
688 1884 783 1956 MC.
823 1884 919 1956 Nam
937 1884 1032 1956 siout
1049 1883 1083 1955 A
1097 1882 1126 1954 C
1146 1892 1245 1954 secat
1260 1882 1302 1955 M
1315 1883 1353 1955 N

317 1997 461 2092 (figurae
477 1997 621 2093 primae)
651 1998 689 2069 in
707 2010 829 2092 partes
855 2022 937 2094 quae
964 1997 1102 2070 habent
1128 1997 1309 2069 rationem
1327 2007 1353 2070 3

313 2109 361 2181 ad
383 2119 414 2198 l,
432 2111 485 2184 ita
496 2112 571 2184 Ac
592 2111 778 2205 (seeundae
795 2113 939 2208 figurae)
954 2123 1054 2184 secat
1067 2112 1108 2184 M
1120 2112 1155 2183 N
1170 2111 1208 2183 in
1221 2110 1354 2183 eadem

314 2225 433 2320 figura
446 2226 483 2297 in
497 2225 641 2298 ratione
660 2235 682 2298 3
700 2225 747 2298 ad
770 2236 800 2298 l.
844 2227 892 2298 Et
909 2226 960 2298 sic
979 2225 1024 2297 de
1042 2225 1194 2297 oaeteris
1240 2224 1355 2298 Quod

318 2337 348 2410 si
367 2338 520 2411 eandem
547 2339 726 2412 rationem
753 2339 1008 2412 distantiarum
1027 2339 1240 2412 continuare
1268 2339 1354 2432 quis

313 2450 469 2526 voluerit
490 2476 615 2526 versus
642 2453 818 2526 verticem
848 2455 886 2542 F,
915 2453 966 2526 sic
992 2453 1113 2526 faciet.
1165 2452 1354 2548 lungatur

196 2662 199 2669 Ι
315 2565 410 2655 ΑΗ,
429 2577 466 2639 et
482 2567 706 2663 producatur
722 2568 770 2639 ad
788 2569 858 2640 BF
887 2568 926 2640 in
953 2568 995 2657 Ε,
1023 2568 1250 2662 duceturque
1277 2568 1354 2641 EL

316 2679 490 2775 parallela
515 2681 595 2753 basi
613 2681 701 2768 AB,
720 2706 847 2754 secans
864 2682 936 2753 AF
953 2682 991 2753 in
1005 2682 1046 2770 L,
1065 2682 1206 2776 eritque
1229 2693 1354 2777 trape-

316 2793 413 2865 zium
440 2794 600 2868 ELDC
626 2796 900 2889 repraesentatio
930 2796 1132 2891 rectanguli
1154 2795 1352 2885 ulterioriS,

318 2906 491 2979 nimirum
510 2911 614 3004 cujus
632 2909 727 2981 latus
745 2910 842 2983 oculi
858 2910 1065 3005 proximum
1082 2919 1137 2981 est
1153 2909 1242 2995 LD,
1260 2909 1354 2982 alte-

274 3054 278 3059 ·
315 3043 397 3092 rum
415 3022 511 3093 latus
528 3022 647 3117 ipsum
665 3022 705 3093 M
718 3023 763 3111 D,
781 3021 839 3094 vel
857 3022 934 3094 ΝΟ
957 3024 1100 3117 (figurae
1116 3022 1273 3118 primae).
1300 3022 1353 3095 Et

317 3132 368 3204 sic
382 3144 501 3229 potest
512 3135 719 3208 continuari
729 3135 856 3209 tabula
865 3159 989 3207 versus
1000 3135 1174 3208 verticem
1191 3136 1219 3206 F
1234 3159 1352 3229 quan-

315 3256 393 3319 tum
411 3249 587 3322 volumus,
642 3248 714 3323 Sed
731 3263 773 3324 ut
798 3249 1024 3345 compleatur
1040 3248 1262 3344 impossibile
1280 3261 1351 3340 est,

314 3362 487 3456 quoniam
505 3376 630 3437 vertex
649 3366 676 3436 F
693 3377 931 3462 repraesentat
955 3365 1089 3436 lineam
1114 3364 1151 3436 in
1175 3364 1352 3438 distantia

310 3476 498 3574 incognita
515 3478 740 3551 collocatam.
791 3479 875 3551 lam
891 3477 1095 3573 trapezium
1112 3478 1194 3566 hoc,
1212 3489 1255 3549 ut
1272 3476 1349 3549 dio-

313 3602 393 3662 tum
410 3600 477 3678 est,
496 3590 653 3664 divisum
671 3591 869 3664 seeundum
895 3593 1054 3664 rationes
1080 3591 1348 3680 distantiarum,

313 3727 401 3798 quas
418 3705 556 3778 habent
573 3706 618 3777 ab
637 3705 742 3778 oculo
759 3706 893 3800 objecti
904 3717 1025 3801 partes
1038 3729 1105 3801 per
1118 3717 1236 3777 rectas
1255 3704 1292 3778 Q
1303 3705 1347 3794 R,

194 3826 199 3835 “
314 3817 400 3906 ΟΡ,
417 3819 518 3907 ΜΝ,
536 3819 614 3892 DC
644 3819 816 3915 aliasque,
834 3819 865 3890 si
892 3819 1023 3914 placet,
1052 3820 1243 3891 ulteriores
1269 3817 1350 3890 basi

312 3931 515 4027 parallelas,
546 3933 759 4005 memoriam
786 3932 948 4029 porticus
979 3957 1088 4027 quam
1111 3942 1350 4028 repraesentat

309 4044 560 4118 vehementius
584 4046 720 4119 excitat
747 4070 856 4142 quam
883 4045 1099 4130 indivisum;
1127 4046 1213 4141 quia
1229 4045 1348 4142 paral-

308 4157 389 4230 lelae
407 4159 479 4232 illae
496 4184 562 4233 sua
579 4161 755 4233 continua
772 4160 1024 4249 diminutione,
1043 4185 1124 4258 quae
1142 4160 1268 4233 similis
1291 4171 1349 4233 est

312 4272 545 4347 diminutioni
562 4276 772 4371 apparentis
787 4276 932 4370 objecti,
947 4300 1029 4372 quae
1045 4277 1088 4349 fit
1106 4301 1128 4349 a
1144 4275 1348 4350 remotione
