2940 4980
239 264 305 327 138
555 276 755 331 rurscam
776 278 1084 333 nantcaroma.

232 480 402 567 titudine,
420 504 581 577 unquam
600 483 839 577 pugnandum
856 506 945 557 esse.
998 484 1123 561 Nunc
1139 488 1255 585 quod
1271 488 1383 561 bellurn

229 630 361 725 gladiis
379 632 435 703 vel
453 632 601 705 calamis
618 648 838 730 perpetuum
855 635 925 707 sit:
953 635 1057 731 quod
1082 662 1172 713 non
1192 640 1248 714 sit
1259 639 1384 736 jurisct

230 782 351 878 legum
366 783 588 856 naturalium
605 786 722 879 major
735 784 889 859 scientia
900 786 1011 860 hodie
1024 811 1149 884 quarn
1165 790 1289 863 olim:
1308 788 1386 886 quod

230 932 421 1004 sententiis
435 934 736 1029 philosophorum
749 946 905 1031 utraque
918 922 1003 1032 pars
1016 959 1134 1011 suum
1145 940 1220 1035 jus
1234 952 1386 1015 tueatur:

230 1078 329 1174 quod
359 1080 421 1152 alii
452 1081 614 1169 laudent,
641 1082 703 1154 alii
731 1082 940 1179 vituperent
974 1083 1141 1158 eandem
1179 1088 1387 1163 actionem:

230 1227 327 1323 quod
355 1226 451 1300 idom
476 1254 574 1301 nunc
598 1230 730 1325 probet
757 1253 838 1325 quae
861 1229 933 1302 alio
955 1240 1132 1325 tempore
1159 1232 1340 1323 damnat,
1360 1246 1390 1307 et

230 1398 296 1447 sua
320 1376 418 1449 facta
439 1376 475 1447 in
501 1376 581 1449 aliis
604 1376 712 1448 aliter
736 1376 915 1449 aestimat:
942 1376 1049 1473 signa
1076 1380 1391 1456 manifestissima

154 1536 162 1549 ‘
228 1533 324 1608 sunt,
343 1522 434 1596 nihil
452 1523 631 1619 profuisse
649 1523 696 1595 ad
714 1523 905 1595 scientiam
917 1522 1084 1597 veritatis
1098 1548 1195 1621 quae
1209 1528 1391 1603 hacteuus

227 1673 364 1769 scripta
381 1687 466 1746 sunt
483 1699 505 1746 a
522 1674 747 1769 philosophis
762 1673 982 1759 moralibus;
1001 1674 1194 1771 placuisse
1212 1702 1309 1753 vero
1323 1703 1392 1753 non

227 1819 467 1893 illuminando
484 1821 659 1909 animum,
678 1821 742 1892 sed
760 1834 914 1894 venusta
937 1833 977 1894 et
996 1820 1165 1895 secunda
1187 1826 1392 1901 affectibus

226 1971 392 2042 oratione
410 1972 599 2066 opiniones
617 1988 754 2045 temere
773 1984 938 2069 receptas
956 1973 1232 2049 confirmando.
1290 1979 1391 2053 Huic

226 2143 315 2215 ergo
332 2121 572 2217 philosophiae
590 2123 687 2218 parti
705 2124 802 2195 idem
821 2123 976 2219 contigit
993 2121 1091 2218 quod
1109 2123 1180 2196 viis
1208 2128 1389 2222 publicis,

227 2270 360 2365 quibus
385 2296 511 2343 omnes
536 2272 793 2367 ingrediuntur
814 2282 973 2367 euntque
991 2294 1163 2368 prorsum
1179 2286 1224 2347 et
1244 2288 1389 2351 retror-

226 2440 329 2500 sum;
348 2418 409 2489 alii
426 2418 538 2489 animi
557 2443 667 2491 causa
680 2418 920 2507 inambulant,
934 2417 997 2491 alii
1009 2417 1191 2507 rixantur,
1201 2422 1278 2495 sed
1291 2422 1387 2497 nihil

226 2566 371 2638 seritur.
425 2567 537 2663 Cujus
565 2570 616 2641 rei
642 2570 753 2642 unica
776 2569 856 2642 lraec
881 2568 1123 2642 videturesse
1141 2570 1261 2661 ratio,
1280 2574 1385 2671 quod

225 2740 333 2789 nemo
358 2742 496 2805 eorum,
524 2720 586 2815 qui
610 2720 802 2793 materiam
822 2720 917 2792 hanc
936 2729 1155 2805 tractarunt,
1174 2724 1383 2822 commodo

224 2891 311 2939 usus
333 2868 382 2940 sit
407 2868 563 2941 docendi
590 2870 781 2966 principio,
836 2871 920 2943 Nou
944 2868 1054 2958 euim,
1080 2880 1122 2941 ut
1148 2868 1187 2940 in
1217 2870 1380 2965 circulo,

223 3015 369 3089 initium
384 3018 546 3093 scientiae
564 3020 716 3093 arbitrio
734 3030 859 3092 nostro
878 3019 971 3091 sumi
989 3030 1120 3115 potest.
1173 3019 1322 3119 Incipit
1338 3026 1379 3099 in

223 3166 311 3262 ipsis
337 3167 529 3242 dubitandi
555 3170 716 3243 tenebris
739 3170 841 3243 filum
866 3169 1053 3265 quoddam
1069 3168 1237 3261 rationis,
1265 3175 1378 3271 cujus

223 3317 337 3391 ductu
365 3319 533 3393 evaditur
563 3321 601 3393 in
628 3320 747 3392 lucem
775 3320 1034 3403 clarissimam;
1066 3319 1116 3391 ibi
1142 3318 1376 3419 principium

222 3468 378 3542 docendi
401 3480 477 3553 est;
504 3469 590 3541 inde
615 3469 664 3541 ad
690 3470 865 3542 solvenda
891 3470 1002 3543 dubia
1026 3490 1202 3542 converso
1232 3468 1375 3546 itinere

221 3618 284 3690 lux
301 3619 494 3692 reserenda
511 3631 579 3691 est.
633 3618 788 3692 Quoties
806 3643 894 3715 ergo
912 3619 1069 3715 scriptor
1085 3617 1188 3691 filum
1201 3615 1298 3692 illud
1310 3621 1373 3694 vel

222 3768 367 3841 inscitia
384 3767 519 3842 deserit
537 3768 594 3841 vcl
613 3768 875 3864 cupiditatibus
888 3767 1085 3863 abrumpit,
1099 3790 1173 3840 non
1187 3766 1372 3859 scientiae,

220 3918 285 3993 sed
303 3919 527 3994 errationum
546 3944 693 3992 suarum
714 3919 869 4015 vestigia
888 3918 1003 3990 literis
1022 3916 1207 3991 describit.
1262 3918 1371 3995 Qua-

220 4081 381 4166 propter,
410 4094 494 4143 cum
521 4070 764 4167 cogitationes
792 4092 892 4141 meas
916 4068 962 4140 ad
987 4067 1263 4164 inquisitionem
1285 4070 1371 4165 jus-

221 4217 312 4291 titiae
342 4218 520 4291 naturalis
551 4218 825 4307 convertissem,
855 4215 1064 4290 admonitus
1093 4239 1174 4289 sum
1204 4214 1251 4288 ab
1284 4216 1371 4323 ipsa
