2940 4980
299 322 368 387 118
683 340 736 391 os
757 340 940 393 1101111111.

104 532 202 585 socr,
214 534 252 587 u.
294 501 333 575 iu
344 503 563 599 paucissimo
572 505 684 578 verba
696 506 928 595 contrahens,
938 504 1025 581 dico
1035 505 1213 607 ingenia
1222 508 1356 607 quiden

110 612 254 716 ᾧ
293 615 393 687 bona
409 638 488 688 esse
511 640 566 703 eu,
584 641 666 712 quae
684 616 817 690 idonea
841 631 929 692 snut
951 617 1142 695 societati
1169 622 1277 697 civili
1296 622 1357 695 ins·

294 727 427 812 undae;
447 738 485 801 et
501 754 620 801 mores
637 732 765 819 bonos,
782 730 822 804 id
838 742 905 821 est,
920 732 1082 807 virtutes
1104 736 1292 823 morales,
1306 758 1356 807 eos

296 866 374 913 esse
397 842 528 937 quibus
546 842 637 915 inita
655 843 793 939 optimc
817 844 1026 917 conservari
1052 858 1211 941 potest.
1274 848 1356 923 Cou-

295 955 407 1028 tineri
424 968 547 1028 autern
566 956 720 1031 virtutes
738 982 866 1031 ornnes
882 958 921 1031 in
934 958 1086 1055 justitio
1100 976 1149 1037 et
1169 964 1355 1039 charitate.

297 1068 406 1141 Unde
432 1068 586 1165 intelligi
610 1070 722 1143 etium
747 1082 871 1166 potest
897 1072 1047 1169 ingenia
1074 1072 1143 1149 his
1175 1076 1357 1151 contraris

296 1206 410 1278 provo
423 1206 523 1266 esso3
542 1194 579 1255 ct
592 1207 712 1255 mores
730 1184 931 1258 contrarios
941 1184 1113 1281 vitioque
1127 1190 1270 1263 omnia
1281 1212 1357 1263 eon
1406 1202 1408 1209 '

297 1296 407 1368 tincri
425 1295 463 1367 in
480 1296 661 1390 injustitia
677 1308 717 1369 ct
733 1298 856 1371 animo
870 1296 918 1371 ud
930 1296 1051 1371 alieno
1069 1302 1185 1377 male.
1200 1302 1358 1401 stupido,

298 1408 421 1498 idest,
439 1410 477 1481 in
495 1409 643 1483 defectu
660 1410 863 1483 charitatis.

677 1908 838 1981 CAPUT
863 1906 965 1980 XIV.

657 2081 710 2131 ou
740 2080 987 2131 numerous.

306 2225 331 2279 1.
362 2219 522 2296 Religionis
545 2220 683 2280 delinitio.
722 2226 751 2281 ί).
781 2220 891 2281 Amore
918 2230 948 2281 et
966 2221 1068 2279 timere
1088 2218 1198 2281 Deum
1220 2226 1299 2303 quid
1316 2225 1359 2283 sit.

340 2318 368 2371 3.
383 2312 467 2369 Fides
477 2312 556 2388 quid.
596 2318 625 2371 4.
640 2313 724 2371 Fides
734 2314 876 2390 dependet
889 2332 908 2371 a
919 2314 1040 2390 legibus.
1078 2316 1109 2373 5.
1121 2312 1145 2373 J
1148 2316 1256 2375 ossius
1265 2336 1286 2375 s
1296 2316 1359 2375 Deo

338 2404 474 2462 cordibus
493 2404 644 2479 insculpto.
683 2410 711 2465 6.
732 2404 814 2463 Deus
834 2416 953 2481 peceato
973 2404 1118 2462 remittere
1129 2406 1202 2465 sine
1215 2407 1360 2486 injustitie

338 2505 443 2573 potest,
466 2496 545 2553 nullo
567 2506 668 2555 exucta
689 2516 783 2573 poena.
823 2500 852 2561 7.
873 2496 1003 2555 Nominis
1023 2514 1113 2573 opera
1124 2496 1214 2573 justa
1233 2510 1359 2575 pecosls

338 2596 413 2647 sunt
453 2592 482 2647 8.
497 2588 599 2647 Cultus
612 2588 740 2646 definitio
759 2598 788 2647 ct
807 2590 918 2647 divisio.
957 2594 987 2649 9.
1001 2588 1103 2647 Cultus
1116 2588 1262 2663 publicus
1276 2590 1356 2669 quid.

341 2686 387 2740 10.
407 2680 509 2739 Cultus
522 2690 626 2755 partes,
645 2698 752 2755 preces,
773 2682 929 2755 gratiarum
942 2680 1078 2747 actiones,
1093 2678 1212 2757 jejunia
1224 2684 1355 2759 publica,

339 2773 424 2831 dona.
467 2776 511 2831 ll.
532 2770 637 2829 Cultus
649 2773 836 2847 superstitiosi
852 2772 933 2829 surii.
975 2770 1185 2830 locantium
1199 2774 1271 2833 finis
1289 2776 1355 2852 quis

339 2865 506 2923 mortalibus
516 2864 606 2922 futuri
619 2866 718 2921 anxiis.
761 2868 807 2923 13.
829 2866 903 2929 Qum
912 2866 969 2922 sint
979 2882 1045 2941 qum
1055 2863 1213 2941 religiones
1225 2874 1356 2927 mutant.

161 3014 225 3057 ''0·
306 3008 336 3071 l.
362 2998 541 3072 Remoto
558 3007 616 3069 est
637 2996 831 3084 hominum,
852 2996 917 3093 qui
931 2996 1051 3069 Deum
1064 2996 1217 3069 sincere
1233 2998 1352 3073 horso-

300 3122 403 3201 runt,
421 3111 544 3184 cultus
562 3120 751 3183 externus.
790 3110 908 3182 Deum
926 3121 1050 3183 autern
1067 3110 1212 3184 sincere
1229 3112 1351 3187 hono-

301 3236 397 3314 rant,
416 3226 479 3321 qui
496 3224 599 3297 illum
612 3248 687 3296 uon
700 3224 812 3297 modo
830 3223 996 3312 existere,
1014 3223 1207 3297 sedetiam
1221 3249 1349 3299 rerum

302 3340 466 3414 omnium
484 3339 774 3434 omnipotentem
792 3349 829 3410 ct
846 3338 1066 3411 omniscium
1082 3348 1291 3411 creatorem
1309 3348 1349 3411 et

301 3465 496 3541 rectorem,
523 3464 562 3525 et
585 3463 764 3547 praeterea
789 3475 911 3523 rerum
936 3474 1193 3549 prosperorum
1218 3462 1260 3525 et
1281 3452 1347 3525 od-

301 3591 489 3641 versarum
514 3565 666 3638 arbitrio
693 3588 759 3637 suo
786 3564 1061 3638 distributorem
1079 3588 1157 3638 esse
1174 3566 1346 3639 credunt.

303 3684 432 3777 ltaque
448 3677 634 3775 religionis
651 3675 875 3772 simpliciter,
892 3676 931 3749 id
948 3690 1017 3767 est,
1043 3678 1233 3769 naturalis,
1261 3679 1347 3753 duee

301 3806 388 3867 sunt
403 3805 553 3890 portes;
580 3814 734 3886 quarum
751 3790 869 3863 altera
886 3802 942 3863 est
954 3790 1074 3887 fides,
1100 3790 1175 3864 sive
1192 3791 1347 3867 credere

301 3909 422 3982 Deum
442 3929 521 3979 esse
539 3917 578 3978 et
594 3902 718 3977 omnio
737 3904 956 3999 gubernare,
982 3905 1099 3977 altere
1123 3914 1182 3977 est
1206 3904 1345 3979 cultus.

302 4021 406 4095 Prior
420 4031 544 4093 autem
566 4040 652 4113 pars
669 4016 742 4105 illa,
761 4016 807 4089 de
824 4017 897 4090 fide
911 4017 949 4090 in
966 4018 1099 4107 Deum,
1112 4018 1238 4091 vocari
1250 4020 1349 4095 solet

296 4134 429 4232 pietas
447 4157 535 4229 erga
550 4131 679 4203 Deum.
733 4130 830 4203 Nam
848 4130 965 4226 quiid
983 4131 1111 4222 credit,
1126 4155 1203 4204 non
1219 4144 1350 4228 potest

301 4272 377 4321 non
395 4246 519 4322 conari
536 4245 574 4319 iu
590 4246 700 4319 rebus
717 4244 886 4318 omnibus
902 4244 954 4317 illi
972 4246 1132 4335 obedire,
1158 4268 1281 4341 neque
1293 4248 1350 4323 illi
