2940 4980
296 307 364 375 100
680 327 732 379 ou
752 327 934 391 uourur,

108 513 205 563 secr.
218 515 255 566 u.
291 516 373 565 eam
411 493 574 567 materiae
607 494 791 591 applicare
829 508 961 593 potest.
1030 494 1202 571 Eaedem
1240 496 1348 571 etiam

108 591 252 699 ᾧ
290 606 434 702 publice
457 608 670 698 utilissimae,
687 622 730 683 ut
754 610 885 707 quibus
912 608 1035 683 omnia
1053 608 1142 685 fere
1164 610 1349 685 debemus

290 720 440 793 humani
456 721 600 815 generis
617 722 752 795 auxilia
768 736 807 795 et
823 734 1050 797 ornamenta.
1119 724 1347 823 intelligen-

292 832 380 906 dum
409 845 532 907 autem
561 860 635 909 non
666 860 792 910 omnes
821 836 956 909 habere
991 836 1203 911 scientiam
1237 862 1348 934 quam

291 948 533 1043 profitentur;
560 974 645 1022 nam
671 950 796 1046 quide
819 974 942 1023 rerum
966 948 1084 1023 causis
1104 974 1156 1023 ex
1183 950 1349 1025 aliorum

293 1059 438 1157 scriptis
450 1060 643 1151 disserunt,
657 1085 776 1157 neque
787 1062 996 1158 quicquam,
1007 1060 1171 1136 aliorum
1193 1076 1347 1137 senten-

290 1173 361 1247 tias
384 1175 677 1265 transcribentes,
696 1175 945 1262 adinveniunt,
963 1175 1116 1249 omnino
1134 1178 1261 1251 utiles
1275 1200 1347 1251 non

292 1300 388 1361 sunt.
439 1288 536 1363 Nom
560 1302 682 1363 actum
710 1314 819 1387 agere
835 1290 923 1363 boni
949 1289 988 1363 in
1015 1312 1053 1363 se
1082 1288 1185 1363 nihil
1216 1290 1346 1379 habet,

291 1402 357 1475 sed
367 1415 508 1496 contra,
522 1428 785 1501 nonnunquam
798 1404 869 1477 hoc
883 1403 1031 1492 molum,
1046 1403 1151 1498 quod
1164 1416 1346 1479 veterum

290 1540 432 1590 errores
450 1517 699 1591 confirmando
716 1518 813 1589 viam
830 1516 976 1589 veritati
996 1516 1212 1590 obstruant.

141 1643 225 1691 ωτι·
344 1638 400 1705 10.
451 1632 584 1705 Literae
612 1656 771 1727 quoque,
792 1633 941 1720 bonum,
969 1652 1101 1726 nempe
1128 1629 1283 1727 linguae
1307 1640 1345 1703 et

288 1743 474 1827 historiae;
501 1768 587 1818 nom
609 1744 793 1840 jucundae.
845 1744 965 1817 Etiam
982 1742 1103 1830 utiles,
1119 1744 1342 1839 praesertim

288 1857 473 1941 historiae;
518 1857 755 1954 suppeditant
780 1858 878 1930 enim
905 1856 1170 1952 experimenta,
1199 1857 1342 1953 quibus

289 1969 451 2043 scientiae
465 1970 671 2044 innituntur
688 1995 903 2055 causarum
927 1969 1081 2043 historia
1097 1968 1258 2065 quidem
1271 1994 1340 2045 na-

289 2082 417 2156 turalis
454 2083 626 2180 physicae,
657 2084 821 2157 historiae
850 2096 975 2156 autem
1003 2082 1128 2155 civiles
1158 2082 1337 2157 scientim

290 2196 387 2269 civili
413 2204 451 2269 et
472 2195 622 2280 morali3
649 2195 758 2291 idque
785 2196 861 2269 sive
885 2218 982 2269 verae
1009 2194 1082 2267 sint
1108 2193 1187 2267 sive
1214 2194 1337 2287 folsae,

288 2309 399 2383 modo
416 2332 491 2382 non
508 2308 580 2382 sint
597 2308 847 2405 impossibiles.
875 2309 919 2383 In
936 2307 1096 2382 scientiis
1114 2306 1215 2381 enim
1231 2332 1338 2404 quae-

288 2434 421 2495 runtur
450 2446 569 2496 causae
598 2446 673 2496 non
703 2434 779 2496 tam
807 2447 934 2496 eorum
962 2446 1045 2519 quae
1070 2420 1187 2511 fuere,
1217 2446 1337 2519 quam

289 2559 416 2609 eorum
429 2560 512 2633 quae
529 2559 607 2609 esse
619 2547 783 2633 possunt.
810 2536 962 2632 Linguae
976 2535 1089 2608 etiam
1101 2534 1215 2609 utiles
1229 2548 1335 2627 sunt,

290 2673 372 2745 quae
389 2650 427 2721 in
441 2674 509 2724 usu
526 2661 611 2723 sunt
626 2650 725 2747 apud
741 2661 869 2747 gentes
886 2649 1036 2738 vicinas,
1053 2660 1208 2745 propter
1226 2674 1335 2723 com-

288 2762 425 2836 mercia
454 2773 491 2835 et
519 2762 794 2859 negotiationes.
847 2763 940 2836 Item
963 2762 1093 2835 Latina
1118 2773 1156 2834 et
1182 2761 1333 2855 Graeca,

288 2899 421 2972 nempe
436 2875 572 2972 linguae
590 2876 836 2966 scientiarum,
853 2886 1004 2970 propter
1020 2873 1224 2948 scientiam.

138 3009 236 3069 Nem
344 3000 399 3064 ll.
426 2991 639 3087 Negotium,
657 2991 819 3063 bonum:
846 2988 982 3061 etenim
995 2988 1080 3061 vitre
1105 2999 1232 3061 motus
1259 2999 1331 3063 est.

291 3103 418 3200 ltaque
435 3103 505 3175 nisi
522 3104 570 3176 sit
581 3102 681 3200 quod
693 3127 792 3199 agae,
803 3100 1001 3174 ambulatio
1012 3124 1080 3196 pro
1093 3100 1245 3195 negotio
1259 3115 1329 3177 est.

293 3216 371 3301 Quo
385 3242 441 3289 me
453 3227 607 3308 vertam,
621 3217 716 3313 quid
724 3220 866 3315 agam?
883 3238 991 3288 voces
1008 3226 1094 3288 sunt
1108 3213 1329 3291 dolentium.

290 3330 416 3404 Otium
433 3341 591 3427 torquet.
631 3332 776 3404 Natura
787 3353 905 3425 neque
918 3330 1037 3403 locum
1050 3351 1168 3425 neque
1178 3340 1331 3427 tempus

290 3468 445 3517 vacuum
462 3468 540 3517 esse
556 3445 705 3541 patitur.

99 3564 269 3626 romaque.
344 3566 400 3630 12.
427 3557 614 3653 Progredi,
628 3557 831 3653 jucundum
846 3590 855 3641 ;
883 3557 969 3652 quia
995 3556 1043 3630 ad
1060 3558 1182 3644 finem,
1199 3555 1330 3649 idest,

290 3669 339 3743 od
351 3670 547 3765 jucundius
560 3670 864 3767 appropinquatio
876 3683 942 3743 cst.
970 3670 1111 3743 Malum
1123 3668 1249 3743 videre
1259 3672 1331 3745 oli-

290 3808 411 3875 enum,
432 3784 656 3881 jucundum:
682 3785 802 3880 placet
820 3785 917 3857 enim
935 3808 1010 3857 non
1027 3797 1070 3857 ut
1092 3784 1242 3875 malum,
1260 3786 1329 3861 sed

288 3909 331 3971 ut
360 3899 529 3972 alienum.
582 3898 671 3970 lnde
695 3910 762 3987 est,
791 3897 890 3993 quod
919 3898 1059 3971 soleant
1080 3896 1248 3971 homines
1277 3900 1331 3973 ad

288 4012 416 4085 mortis
444 4023 482 4085 et
502 4011 655 4108 periculi
677 4012 831 4084 aliorum
858 4011 1067 4107 spectacula
1093 4034 1328 4089 concurrere.
1379 4098 1382 4103 ¹

290 4124 474 4213 Similiter,
490 4127 626 4199 bonum
639 4125 762 4197 videre
776 4125 933 4197 alienum
947 4124 1141 4197 molestum
1153 4136 1226 4209 est;
1248 4150 1329 4202 non

288 4246 412 4311 tamen
424 4250 466 4311 ut
482 4239 631 4324 bonum,
644 4237 708 4310 sed
724 4250 767 4311 ut
784 4238 955 4311 alienum.
1008 4237 1181 4328 imitatio,
1190 4239 1330 4335 jucun-
