2940 4980
308 370 381 436 212
718 390 945 444 rurnuruu.

115 580 210 630 sacr.
223 582 274 632 ur.
308 552 363 624 ita
376 552 538 627 actiones
562 579 645 629 suas
671 556 836 653 dirigunt
853 557 901 631 ad
916 558 1027 631 finem
1044 580 1291 646 communem,
1311 567 1359 630 ut

124 659 267 761 „L
310 677 427 738 coetus
446 690 572 739 eorum
590 669 697 742 nullis
715 670 955 743 seditionibus
972 672 1046 744 sint
1063 671 1222 745 obnoxii.
1263 669 1357 743 Non

100 798 270 842 eurbmronun
310 793 396 850 sunt
413 791 535 851 tamen
550 793 665 854 coetus
683 806 809 853 eorum
827 783 1013 873 ciuitates,
1032 808 1150 879 neque
1167 783 1252 856 ideo
1270 784 1358 879 ipsa

98 865 236 919 quorundum
247 866 291 907 uni-

99 929 206 970 munam
231 931 284 983 sp.
311 892 482 965 animalia
508 894 671 990 politico
696 896 851 969 dicenda
881 909 988 981 sunt3
1027 898 1161 994 quippe
1191 922 1356 993 quorum

99 993 226 1107 22¹2„ssss
242 999 284 1101 3}ssss
312 1005 476 1101 regimen
502 1011 692 1081 consensio
719 1020 864 1082 tantum
891 1021 957 1099 est,
976 1011 1052 1083 sive
1077 1010 1202 1083 multae
1219 1010 1356 1082 volun-

98 1122 299 1167 mummium·
311 1131 407 1192 tates
424 1119 472 1192 ad
497 1145 611 1192 unum
636 1122 841 1217 objectum3
869 1146 943 1195 non
966 1134 1010 1195 ut
1035 1123 1240 1196 incivitate
1258 1146 1354 1218 opus

312 1245 378 1321 est,
389 1257 463 1305 una
479 1234 658 1307 voluutas.
710 1235 846 1307 Verum
864 1246 919 1308 est
935 1235 974 1307 in
987 1235 1164 1308 creaturis
1181 1233 1253 1307 illis
1271 1235 1354 1308 solo

312 1369 421 1419 sensu
439 1357 476 1418 et
493 1346 660 1442 appetitu
672 1347 893 1437 viventibus,
912 1348 1191 1421 consensionem
1208 1348 1353 1421 animo-

313 1482 395 1531 rum
413 1459 466 1531 ita
483 1484 560 1531 esse
575 1460 788 1549 durabilem,
807 1471 850 1532 ut
866 1460 968 1532 nulla
984 1461 1056 1532 alia
1068 1446 1218 1556 re'opus
1235 1461 1286 1534 sit
1303 1461 1354 1534 ad

312 1596 403 1661 eam,
432 1583 480 1661 et,
508 1596 553 1645 ex
576 1574 825 1668 consequenti,
843 1572 890 1645 ad
917 1598 1046 1671 pacem
1070 1574 1167 1646 inter
1193 1598 1232 1646 se
1263 1598 1353 1648 con-

311 1686 540 1774 servandam,
558 1697 805 1782 praeterquam
831 1686 990 1758 naturali
1016 1710 1142 1759 eorum
1169 1688 1351 1783 appetitu.

311 1800 356 1871 ln
368 1799 578 1872 hominibus
596 1812 720 1872 autem
738 1800 843 1873 aliter
860 1823 919 1872 res
933 1823 971 1872 se
988 1800 1112 1874 habet.
1165 1800 1262 1873 Nam
1275 1801 1353 1896 pri-

310 1937 383 1999 mo,
401 1913 497 1984 inter
510 1912 676 1985 homines
694 1924 881 1985 certamen
899 1924 955 1985 est
972 1913 1122 1986 honoris
1135 1925 1174 1985 et
1191 1912 1352 2009 dignita-

313 2024 383 2109 tis;
410 2025 506 2098 inter
523 2025 660 2098 bestias
678 2049 751 2098 non
777 2038 853 2098 est:
880 2024 978 2097 unde
996 2025 1119 2098 odiu-m
1136 2035 1174 2098 et
1191 2026 1351 2115 invidia,

314 2163 359 2211 ex
376 2139 509 2234 quibus
523 2139 686 2212 nascitur
704 2139 835 2212 seditio
854 2151 891 2211 et
902 2139 1052 2227 bellum,
1075 2139 1173 2212 inter
1184 2138 1354 2212 homines

312 2263 378 2334 est,
396 2251 492 2323 inter
509 2250 589 2323 illas
613 2275 688 2322 non
707 2263 774 2323 est.
828 2251 1011 2340 Secunda,
1028 2250 1213 2347 appetitus
1243 2261 1353 2323 natu-

311 2363 397 2435 ralis
414 2387 523 2460 apum
538 2375 575 2436 et
586 2364 759 2436 similium
772 2376 1022 2437 creaturarum
1034 2364 1240 2437 conformes
1253 2374 1353 2453 sunt,

312 2487 350 2549 et
377 2476 545 2549 feruntur
562 2476 609 2549 ad
631 2477 769 2549 bonum
794 2499 999 2566 commune,
1026 2476 1127 2573 quod
1148 2476 1247 2549 inter
1270 2476 1354 2550 illas

311 2613 388 2662 non
421 2590 544 2664 differt
568 2614 591 2662 a
619 2590 789 2685 privat03
815 2589 956 2662 homini
986 2601 1109 2663 autem
1140 2589 1232 2662 nihil
1257 2613 1354 2685 pene

312 2727 380 2797 pro
396 2704 494 2776 bono
519 2704 687 2790 habetur,
705 2704 744 2775 iu
762 2727 835 2799 quo
849 2727 923 2776 non
940 2704 988 2777 sit
1002 2703 1198 2799 possessori
1213 2702 1353 2799 aliquid

311 2816 488 2911 praecipui
515 2826 552 2889 et
579 2816 703 2889 eximii
724 2840 801 2912 prae
828 2840 871 2889 eo
893 2816 992 2912 quod
1009 2814 1198 2913 possident
1215 2817 1352 2888 caeteri.

312 2929 449 3018 Tertia,
467 2930 679 3018 animantia,
698 2954 780 3025 quae
797 2931 976 3002 rationem
994 2953 1069 3002 non
1094 2930 1244 3018 habent,
1270 2929 1354 3001 nul-

312 3042 388 3114 lum
403 3042 586 3115 desectum
601 3043 738 3132 vident,
748 3042 808 3114 vel
823 3042 947 3115 videre
966 3066 1004 3114 se
1021 3053 1165 3139 putant,
1179 3042 1218 3114 in
1235 3042 1354 3114 admi-

312 3155 528 3228 nistratione
553 3179 702 3228 suarum
727 3154 1094 3250 rerumpublicarum:
1122 3154 1241 3227 sedin
1259 3154 1354 3227 mul-

313 3268 470 3341 titudine
499 3268 690 3340 hominum
719 3267 867 3362 plurimi
897 3280 983 3340 sunt
1013 3268 1087 3362 qui,
1105 3291 1183 3363 prae
1209 3268 1353 3340 caeteris

314 3404 441 3476 sapere
459 3381 720 3468 existimantes,
734 3392 914 3452 conantur
927 3403 985 3452 res
999 3404 1148 3468 novare,
1168 3391 1205 3452 et
1220 3379 1355 3452 diversi

313 3506 506 3567 novatores
523 3494 701 3566 innovant
718 3492 869 3564 diversis
887 3493 1004 3565 modis
1019 3524 1028 3576 ;
1046 3493 1085 3566 id
1096 3492 1196 3588 quod
1206 3503 1264 3565 est
1280 3492 1354 3566 dis-

314 3608 448 3681 tractio
466 3619 504 3679 et
520 3607 656 3679 bellum
676 3605 793 3678 civile.
847 3605 1003 3695 Quarto,
1014 3605 1215 3679 animantia
1230 3607 1354 3695 bruta,

311 3732 513 3815 utcumque
531 3718 673 3816 possint
689 3717 788 3790 vocis
814 3741 889 3790 suae
907 3742 1015 3791 usum
1040 3719 1200 3815 aliquem
1216 3718 1354 3791 habere

314 3833 362 3906 ad
385 3831 666 3926 significandum
692 3830 787 3902 inter
804 3853 843 3904 se
867 3833 1019 3904 affectus
1037 3855 1135 3922 suos,
1154 3842 1281 3904 carent
1297 3845 1355 3904 ta-

313 3970 400 4018 men
417 3945 480 4017 illa
496 3945 691 4018 verborum
717 3955 807 4032 arte,
834 3967 916 4038 quae
933 3944 1137 4018 necessario
1155 3944 1356 4040 requiritur

314 4058 361 4132 ad
378 4058 673 4154 perturbationes
690 4057 802 4129 animi
815 4057 1065 4147 concitandas,
1082 4058 1266 4146 nimirum,
1283 4081 1356 4153 qua

313 4174 452 4246 bonum
468 4171 609 4260 melius
627 4170 774 4255 malurn,
793 4171 898 4266 pejus
917 4184 1199 4267 repraesentatur
1218 4171 1354 4262 animo,

316 4309 425 4382 quarn
444 4309 571 4359 revera
587 4293 663 4357 est:
690 4283 847 4356 hominis
864 4295 988 4357 autem
1004 4285 1132 4381 lingua
1147 4286 1238 4359 tuba
1255 4309 1356 4381 quae-
