2940 4980
321 348 370 415 60
713 360 766 411 ou
788 360 969 412 nonnum

127 560 225 613 sacr,
240 561 278 613 ιι,
372 527 429 601 Sit
449 528 503 620 (iu
520 529 640 625 figura
655 529 774 626 prima
791 528 928 603 tabula·
946 528 1054 626 hujus
1071 528 1221 627 capitis)
1247 530 1379 627 objec-

136 640 278 744 ,ξω
319 658 399 719 turn
416 661 519 721 recta
535 649 611 721 AB
626 649 711 722 OD.
764 648 889 737 Linea,
904 672 986 745 quae
1004 648 1077 723 duo
1094 647 1220 723 media
1234 648 1377 725 dister-

106 783 197 860 ranrae
226 850 231 861 ι
318 759 446 850 minat,
461 761 509 835 sit
521 764 551 835 Il
563 764 595 837 G
607 764 642 835 H
657 763 673 835 l
686 774 789 836 recta
802 776 840 835 ct
853 762 923 858 ipsi
934 763 968 835 A
981 763 1014 836 D
1029 761 1217 860 parallelo,
1230 764 1376 860 quibus

104 848 297 975 {iffiffiqm
319 874 485 970 utrisque
515 876 564 948 sit
598 876 710 948 FEA
744 875 1070 972 perpendicularis,
1100 888 1374 977 statuaturque

318 989 445 1062 oculus
463 989 501 1062 in
518 991 558 1062 F.
609 990 656 1063 Et
682 989 782 1062 intra
807 988 998 1085 parallelas
1016 990 1047 1061 A
1063 990 1108 1075 D,
1126 990 1189 1062 El
1209 989 1262 1064 sit
1292 1016 1373 1067 me-

318 1103 418 1176 dium
447 1103 604 1192 densius,
628 1114 670 1176 ut
694 1128 811 1201 aqua3
838 1103 999 1176 medium
1025 1126 1113 1175 vcro
1141 1102 1244 1176 inter
1273 1106 1307 1179 F
1333 1122 1373 1181 et

315 1218 374 1290 El
392 1217 440 1291 sit
456 1219 584 1307 rarius,
602 1229 644 1291 ut
661 1242 735 1291 aer.
789 1217 858 1290 His
882 1217 1103 1302 constitutis,
1121 1216 1319 1292 videbitur
1336 1221 1373 1293 A

316 1331 351 1403 in
371 1331 450 1427 ipso
472 1344 609 1428 puncto
627 1332 672 1418 A,
690 1345 887 1427 propterea
914 1330 1013 1427 quod
1040 1330 1077 1403 in
1100 1344 1243 1427 puncto
1260 1332 1297 1405 E
1319 1334 1370 1407 ob

314 1444 467 1518 actionis
496 1444 917 1542 perpendicularitatem,
944 1445 1045 1518 nulla
1074 1446 1138 1518 fiet
1167 1446 1369 1523 refractio.

316 1559 490 1632 Sumatur
510 1558 610 1631 aliud
633 1571 813 1654 punctum
832 1558 874 1647 B,
894 1571 931 1632 et
949 1558 1105 1631 ducatur
1124 1558 1211 1648 BG,
1231 1559 1290 1634 ita
1307 1574 1367 1652 ut,

314 1672 467 1745 servatis
485 1672 716 1745 refractionis
733 1672 886 1768 legibus,
903 1673 1126 1769 refringatur
1142 1672 1190 1745 ad
1207 1675 1369 1751 oculum

315 1786 353 1858 in
368 1788 416 1869 u;
444 1799 482 1860 et
500 1787 612 1860 ducta
629 1787 699 1860 FG
715 1786 941 1883 producatur
959 1787 1007 1860 ad
1022 1789 1069 1877 K,
1082 1787 1137 1860 ita
1152 1799 1194 1860 ut
1211 1788 1247 1860 G
1259 1789 1295 1861 K
1316 1790 1368 1864 sit

314 1900 463 1995 aequalis
481 1900 568 1973 GB.
621 1902 803 1973 Punctum
830 1901 943 1996 igitur
970 1901 1000 1973 B
1027 1900 1218 1997 apparebit
1245 1901 1286 1975 in
1312 1904 1382 1994 K,

315 2036 396 2107 quae
423 2012 531 2087 cadet
556 2015 649 2087 citra
674 2027 813 2087 rectam
831 2014 863 2085 A
879 2014 924 2103 D,
944 2015 1029 2110 quia
1046 2015 1077 2088 G
1093 2014 1121 2085 B
1149 2014 1273 2088 minor
1300 2030 1364 2091 est

315 2151 424 2223 quam
450 2127 546 2200 foret
563 2127 594 2200 G
606 2129 640 2200 K
664 2127 880 2200 continuata
904 2152 1018 2224 usque
1046 2126 1094 2200 ad
1126 2127 1243 2224 ipsam
1262 2130 1299 2202 A
1311 2130 1363 2205 D.

317 2240 502 2329 Similiter,
516 2254 662 2338 sumpto
680 2240 751 2313 alio
768 2253 907 2336 puncto
922 2240 963 2329 C,
978 2240 1160 2336 ductaque
1175 2240 1205 2312 C
1220 2241 1259 2313 H
1276 2268 1365 2340 quae

315 2353 537 2450 refringatur
554 2354 727 2428 etiamad
744 2356 783 2443 F,
799 2367 962 2428 sumatur
975 2356 1013 2427 in
1027 2354 1208 2451 producta
1223 2355 1364 2433 visuali

317 2466 395 2538 ΡΗ
423 2483 526 2540 recta
552 2469 588 2540 H
609 2470 638 2543 L
665 2469 815 2565 aequalis
843 2468 912 2564 ipsi
942 2469 1050 2551 CH3
1079 2468 1222 2564 eritque
1251 2468 1362 2546 locus

315 2582 445 2677 puncti
463 2583 492 2654 C
512 2607 690 2679 apparens
708 2584 746 2655 in
764 2584 804 2656 L.
857 2583 995 2656 Eadem
1018 2581 1192 2656 methodo
1213 2582 1362 2659 iuveni·

316 2708 400 2768 atur
422 2698 552 2792 puncti
579 2698 612 2769 D
642 2698 744 2770 locus
774 2722 956 2794 apparens
983 2698 1037 2786 M,
1068 2697 1262 2794 omniaque
1294 2700 1363 2775 illa

314 2822 455 2903 puncta
473 2811 518 2898 K,
536 2811 577 2898 L,
596 2811 649 2900 M,
667 2811 778 2884 modo
796 2810 996 2884 secundum
1013 2811 1194 2884 rationem
1217 2811 1361 2889 refrac-

315 2922 427 2995 tionis
453 2924 574 2996 medio
603 2924 765 2998 debitam
792 2949 996 3021 operemur,
1015 2924 1148 2998 cadent
1163 2924 1202 2997 in
1218 2924 1360 3001 lineam

316 3036 502 3126 AKLM,
521 3061 603 3133 quae
621 3037 669 3111 ad
686 3039 929 3136 superficiem,
947 3039 984 3110 in
1003 3062 1076 3135 qua
1092 3048 1149 3110 est
1164 3048 1269 3111 recta
1280 3039 1314 3111 Ε
1326 3041 1358 3131 Ι,

315 3151 465 3246 propius
483 3175 626 3248 semper
640 3153 807 3227 accedet:
826 3152 865 3225 id
876 3151 975 3249 quod
986 3163 1064 3225 erat
1074 3151 1358 3228 ostendendum.

366 3263 494 3338 Qualis
511 3278 635 3339 autem
658 3265 719 3340 illa
747 3267 844 3340 linea
866 3267 925 3355 sit,
945 3265 1089 3339 difficile
1107 3277 1163 3339 est
1180 3265 1359 3341 determi-

313 3401 413 3451 nare.
450 3377 489 3451 Si
508 3379 597 3467 GK,
617 3380 653 3451 H
667 3381 708 3467 L,
728 3381 743 3452 l
756 3381 797 3453 M
812 3391 934 3453 essent
951 3403 1076 3453 omnes
1095 3379 1252 3476 aequales
1268 3404 1357 3475 per-

312 3492 542 3588 pendiculari
559 3493 589 3565 Ε
600 3493 647 3581 Α,
660 3505 750 3566 tunc
769 3494 918 3590 quidem
935 3493 1032 3566 linea
1044 3493 1078 3565 A
1091 3494 1132 3566 M
1150 3508 1248 3566 esset
1265 3516 1359 3568 con-

312 3605 413 3678 chois
440 3605 624 3700 vulgaris:
652 3630 750 3678 nuno
777 3631 864 3680 vero
891 3630 967 3679 non
995 3617 1052 3679 est
1078 3605 1263 3695 conchoiS,
1287 3608 1358 3683 sed

312 3728 436 3791 tamen
454 3717 552 3814 quia,
571 3719 639 3791 etsi
666 3719 704 3791 in
731 3720 916 3792 infinitum
941 3718 1158 3815 procederet
1173 3731 1286 3815 atque
1303 3720 1356 3795 ad

311 3831 490 3905 lineamE
507 3833 523 3905 l
538 3856 680 3929 semper
694 3833 897 3917 accederet,
912 3857 1100 3930 nunquam
1112 3845 1237 3906 tamen
1248 3833 1354 3909 illam

312 3944 523 4042 attingeret,
543 3947 690 4021 videtur
708 3971 752 4020 ea
762 3948 860 4020 inter
877 3948 1014 4044 species
1031 3947 1241 4020 innumeras
1257 3947 1353 4022 line-

182 4056 186 4063 ’
313 4081 417 4131 arum
435 4060 709 4135 conchoeidean
727 4073 828 4134 recte
845 4061 1030 4134 numerari
1045 4085 1164 4157 posse.

363 4181 397 4244 3.
426 4173 537 4248 Quod
554 4175 585 4247 si
602 4175 659 4266 (ut
676 4174 714 4247 iu
731 4176 850 4270 figura
867 4174 1043 4267 secunda)
1059 4174 1232 4263 medium,
1250 4174 1353 4271 quod

311 4299 368 4360 est
386 4286 484 4360 iutra
499 4287 690 4383 parallelas
703 4288 737 4361 A
750 4289 796 4378 D,
814 4288 886 4379 El,
904 4287 953 4361 sit
967 4288 1084 4362 rarius
1098 4313 1141 4361 eo
1154 4289 1193 4362 in
1207 4312 1279 4385 quo
1293 4300 1361 4366 est·
