2940 4980
512 555 712 608 EPISTOLA
732 557 1031 609 DEDICATORIA.

225 733 332 807 limis.
385 735 459 808 Diu
487 737 670 833 estquod
698 761 783 834 pars
810 738 911 834 prior
940 738 1038 835 typis
1065 749 1196 834 parata
1223 746 1314 809 erut.

223 884 301 958 Cur
331 909 432 982 ergo,
461 887 615 985 inquies,
642 912 726 961 cum
751 887 893 984 reliqua
916 887 1090 961 facillima
1119 900 1211 977 erut,
1239 898 1315 961 tom

222 1036 286 1109 diu
316 1037 517 1111 editionem
540 1038 838 1135 expectavimus?
891 1039 991 1114 Quid
1011 1038 1153 1112 interea
1168 1039 1314 1112 fecisti?

221 1189 373 1264 Dicam:
391 1192 637 1290 ἐθηριομάχησα.
679 1192 774 1264 Sunt
787 1191 886 1264 enim
899 1202 938 1264 et
949 1189 1040 1263 mihi
1051 1191 1123 1264 mei
1136 1190 1316 1264 Demetrii

221 1353 260 1414 et
290 1341 502 1432 Alexandri,
532 1365 689 1439 quorum
723 1343 885 1440 ἐργασίαις
915 1341 1062 1414 obstare
1095 1340 1188 1413 velle
1221 1340 1315 1414 falso

220 1491 450 1565 existimatus
477 1515 569 1565 sum.
623 1493 721 1565 Dum
741 1515 830 1589 ergo
847 1491 1067 1564 clamoribus
1085 1504 1124 1564 et
1141 1491 1315 1564 conviciis

219 1640 367 1714 illorum
405 1642 612 1715 necessario
649 1640 921 1738 responderem,
959 1641 1049 1713 fecit
1088 1644 1315 1715 concertatio

219 1793 330 1890 longa
346 1804 388 1867 ut
404 1794 513 1867 nimis
530 1795 578 1867 sit
593 1793 707 1867 dilato
722 1792 847 1867 editio.
893 1794 1113 1883 statueram,
1125 1795 1315 1868 elementis

218 1942 277 2016 his
293 1943 342 2017 ad
364 1945 477 2017 finem
496 1945 695 2042 perductis
713 1946 847 2043 stylum
869 1944 1039 2042 abjicere.
1092 1946 1165 2019 Sed
1185 1958 1228 2019 ut
1249 1947 1315 2019 ho-

218 2093 360 2166 minum
379 2095 632 2191 profitentium
649 2095 819 2168 scientias
836 2119 956 2168 mores
979 2118 1059 2168 esse
1078 2119 1178 2168 nunc
1196 2096 1314 2184 video,

219 2266 322 2340 spem
343 2244 444 2317 illam
469 2245 614 2343 abjicio,
632 2247 767 2345 stylum
790 2246 953 2330 retineo;
980 2268 1067 2318 nam
1089 2256 1127 2319 et
1143 2247 1223 2319 haec
1239 2248 1314 2320 for-

219 2406 316 2469 tasse
333 2395 564 2471 defendenda
575 2408 695 2471 erunt.
737 2395 932 2470 Sacrifioiis
950 2396 1160 2492 importune
1171 2420 1314 2494 semper

218 2545 367 2621 fuerunt
383 2572 531 2622 muscae.
584 2549 730 2622 Faciam
753 2571 852 2644 ergo,
869 2557 912 2620 ut
935 2545 1169 2620 Domitianus
1192 2548 1313 2645 Impe-

219 2707 344 2783 rator3
383 2700 566 2795 configam
599 2699 694 2797 stylo
730 2721 886 2772 muscos.
951 2697 1009 2770 Itu
1042 2696 1204 2792 inquam,
1239 2698 1311 2771 nisi

222 2847 366 2923 dederis
382 2859 425 2923 tu
443 2850 542 2946 quod
558 2873 666 2947 agam
683 2848 825 2922 melius.
879 2849 969 2922 Sum
986 2847 1095 2938 enim,

616 3001 853 3074 Excellentiae
871 3013 944 3073 tuae

717 3152 851 3225 Servus
868 3150 1103 3241 humillimus

869 3302 1046 3376 Tnouss
1075 3302 1261 3375 Honnns.

257 3500 315 3561 Die
330 3505 368 3560 24
383 3501 472 3569 Junii,
490 3505 574 3561 1658.
