2940 4980
352 334 418 401 132
740 350 791 400 nn
812 348 993 401 nonina.

160 549 256 599 secr,
272 550 309 601 11.
347 517 414 590 Dei
443 516 631 611 regnantis
659 540 852 611 personam
887 516 1067 612 gerebant
1109 518 1253 615 primo
1288 520 1404 593 Moses.

162 626 304 731 ,ᾗ
345 629 478 702 deinde
493 630 675 717 Christus
690 642 727 702 et
745 654 857 717 nunc,
869 642 1069 727 postquam
1083 628 1158 703 die
1172 632 1405 707 Pentecoste

347 744 504 840 Spiritus
516 744 715 817 Sanetusin
727 744 912 840 apostolos
923 743 1123 817 visibiliter
1135 744 1406 823 descendisset.

347 857 512 945 ecclesia,
545 858 666 930 idest
697 860 861 931 ecelesiae
890 859 929 931 in
956 857 1057 931 omni
1088 858 1268 935 civitate
1301 874 1408 933 rector

347 995 519 1043 summus.
574 972 697 1044 Habet
721 996 809 1067 ergo
838 971 875 1043 in
904 972 1073 1044 omnibus
1101 974 1305 1067 gentibus
1323 974 1409 1047 Deus

346 1085 602 1180 possessiones,
620 1109 722 1157 more
751 1084 954 1171 hominum,
980 1096 1113 1171 terraS,
1136 1086 1253 1181 J'ura,
1281 1100 1321 1160 et
1349 1086 1409 1159 alia

346 1197 444 1270 bona
471 1223 547 1286 sua,
576 1223 708 1294 nempe
736 1199 805 1269 sibi
832 1210 1053 1271 consecrata.
1110 1198 1200 1271 Sed
1228 1201 1319 1275 haee
1346 1224 1409 1273 non

348 1313 418 1385 nisi
436 1313 585 1385 civitate
614 1313 824 1385 constituta.
877 1314 970 1384 (lum
998 1310 1096 1383 enim
1127 1312 1326 1387 voluntas
1352 1314 1409 1385 Dei

348 1428 416 1500 nisi
434 1452 500 1524 per
517 1427 705 1498 civitatem
729 1451 802 1499 non
822 1436 1077 1521 cognoscatur,
1097 1426 1339 1521 requiratur
1354 1452 1410 1499 an·

347 1556 422 1613 tem
443 1542 612 1613 voluntas
643 1540 751 1627 illins,
770 1541 831 1635 qni
859 1546 1161 1634 repraesentatur,
1197 1552 1251 1613 ut
1281 1541 1410 1615 author

347 1655 394 1727 sit
419 1654 605 1726 actionum
624 1678 714 1748 quas
731 1653 872 1725 faciunt
899 1651 951 1723 illi
976 1677 999 1724 a
1024 1649 1162 1746 quibus
1197 1677 1411 1751 repraesen-

347 1779 457 1855 tatur,
485 1790 634 1839 neeesse
652 1780 767 1839 estut
794 1790 950 1863 persona
977 1766 1041 1837 fiat
1067 1786 1137 1859 per
1166 1768 1411 1842 voluntatem

348 1881 519 1954 civitatis.

137 2014 253 2090 ¹’‘'¹³⁰.¹¹¹¹¹¹¹
263 2016 300 2091 puy
398 2002 433 2064 4.
448 1993 568 2065 Etiam
582 1994 635 2065 rei
648 1994 856 2065 inanimatae
867 2015 1024 2088 persona
1033 2012 1110 2062 esse
1122 2004 1280 2083 potest,
1295 1996 1335 2068 id
1347 2006 1411 2083 est,

134 2080 325 2201 :fxiiiiiffm
347 2106 592 2203 possessiones
618 2120 656 2179 et
675 2107 745 2178 alia
762 2107 860 2177 bona
882 2105 1029 2191 habere,
1047 2115 1084 2174 et
1094 2104 1185 2198 jure
1205 2130 1335 2201 agere
1352 2134 1414 2205 po

134 2211 334 2267 ¹“⁸'²⁰¹¹¹‘”¹'i¹¹‘¹¹¹·
348 2232 433 2307 test,
451 2231 494 2292 ut
510 2222 699 2316 templum,
717 2246 810 2316 pons
836 2217 894 2291 vel
911 2219 983 2291 alia
1003 2241 1061 2289 res
1081 2240 1350 2317 quaecunque,
1368 2220 1414 2295 ad

348 2336 452 2430 cujus
470 2335 782 2406 conservationem
802 2332 1007 2429 sumptibus
1025 2353 1115 2426 opus
1134 2343 1208 2404 est.
1254 2335 1312 2409 Et
1331 2360 1414 2434 per-

346 2474 473 2522 sonam
491 2448 569 2542 ejus
587 2462 716 2542 gerent
739 2460 927 2519 curatores
954 2470 976 2516 a
1005 2443 1155 2515 civitate
1188 2450 1414 2533 constituti,

315 2554 318 2559 ’
346 2575 387 2635 ut
405 2586 486 2657 quae
513 2561 738 2633 voluntatem
763 2585 836 2632 non
865 2560 977 2631 habet
1002 2567 1136 2654 praeter
1160 2559 1414 2635 voluntatem

346 2676 515 2750 civitatis.

397 2787 617 2884 Hujusmodi
652 2799 775 2859 antem
809 2786 1000 2857 fictionum
1035 2782 1115 2878 quis
1150 2782 1200 2853 sit
1239 2810 1340 2861 usus
1373 2789 1412 2861 in

346 2902 505 2988 civitate,
528 2904 599 2991 (est
621 2914 744 2973 autem
763 2899 971 2989 maximus)
994 2897 1157 2970 dicemus
1175 2896 1213 2967 in
1229 2902 1411 2975 sectione

345 3018 464 3104 tertia,
476 3041 557 3111 qnae
571 3027 625 3086 est
639 3014 700 3085 De
713 3012 813 3085 Cirta

397 3131 617 3224 Quanquam
647 3128 746 3219 leges
773 3124 959 3197 naturales
992 3122 1179 3195 hominem
1206 3139 1408 3217 quatenus

345 3244 532 3317 hominem
560 3241 772 3337 respiciunt,
808 3238 854 3309 de
888 3237 959 3307 illis
989 3246 1125 3321 tamen,
1150 3234 1221 3305 nisi
1240 3250 1288 3311 ut
1308 3264 1406 3313 con-

346 3358 512 3430 tinentur
530 3355 567 3426 in
585 3354 691 3426 bonis
719 3351 893 3437 moribus,
924 3349 1147 3420 mentionem
1165 3347 1204 3418 in
1221 3346 1299 3423 hae
1319 3377 1405 3427 see-

346 3471 447 3543 tione
466 3491 539 3541 non
557 3467 721 3540 fecimus.
764 3463 836 3536 Sed
854 3462 940 3557 quia
958 3462 1025 3533 nisi
1050 3462 1192 3557 legibus
1221 3462 1404 3539 civilibus

346 3598 382 3655 et
414 3593 599 3678 potestate
630 3576 821 3651 coercendi
853 3575 1170 3670 praeexistentibus
1201 3575 1401 3652 observari

345 3722 420 3770 non
451 3706 615 3792 possunt,
644 3691 688 3763 de
717 3691 787 3762 illis
814 3702 856 3759 ut
883 3688 928 3759 de
951 3687 1093 3781 legibus
1111 3688 1149 3759 in
1163 3686 1296 3762 cadem
1317 3716 1402 3766 sec-

347 3810 447 3883 tione
465 3808 575 3881 tertia
592 3807 680 3878 satis
699 3804 870 3900 ampliter
887 3801 1115 3874 disseremus
