2940 4980
300 292 347 369 78
699 313 751 364 on
772 312 953 365 ιιοιιιιιιιι.

112 509 208 559 sacr,
222 510 259 560 ιι,
350 479 407 551 Sit
423 479 475 569 (in
500 480 619 575 figura
634 481 767 577 prima)
791 482 917 555 oculus
935 480 1068 571 ABG,
1089 492 1281 557 centrum
1305 506 1356 555 re·

299 603 387 664 vnae
404 593 450 681 D
468 593 546 665 axis
564 593 707 689 opticus
725 594 813 667 ΝΟ
866 596 985 692 Super
1000 595 1159 692 pupillae
1179 597 1356 671 extremi-

103 654 256 833 ΓΗ
148 726 218 769 ιιιιι
207 727 287 835 ιῄιι
298 714 393 777 tates
412 706 456 793 A
476 705 506 777 B
529 705 712 779 ducantur
736 707 829 779 radii
855 707 977 803 quoad
1001 730 1158 783 sensum
1186 710 1356 807 paralleli

133 856 244 912 ,ι
231 806 375 903 “’“”ΙΑ,
396 818 488 904 KB,
506 842 567 913 qur
557 818 892 913 refringanturad
908 819 1065 892 retinam
1081 819 1125 893 in
1145 822 1355 918 punctoC.

298 929 492 1002 Videbitur
509 954 596 1027 ergo
618 943 796 1027 punctum
813 931 988 1004 visibile
979 956 1017 1004 ιιι
1039 945 1188 1028 puncto
1212 936 1267 1025 N,
1287 958 1356 1033 quo

299 1041 488 1137 productae
506 1044 539 1115 A
554 1044 582 1130 Ι,
605 1043 632 1114 u
649 1046 681 1116 lx
697 1045 848 1130 coirent,
861 1068 937 1116 non
954 1044 1070 1118 solum
1087 1046 1243 1123 virtute
1265 1050 1357 1123 radii

300 1155 478 1227 irrefracti
504 1156 595 1245 NC,
622 1157 686 1229 sed
712 1157 825 1229 etiam
850 1158 955 1253 (Cap.
976 1180 1022 1231 ιι.
1041 1170 1110 1231 art.
1138 1164 1183 1255 2)
1212 1163 1357 1237 virtute

299 1268 481 1340 radiorum
500 1268 740 1342 refractorum
760 1270 792 1341 Α
804 1270 847 1359 C,
867 1269 951 1357 BC,
970 1270 1009 1342 in
1022 1270 1102 1366 ipso
1118 1294 1195 1345 axe
1208 1276 1355 1371 optico.

299 1380 391 1454 Cum
410 1383 531 1477 itaque
545 1383 637 1455 alius
649 1382 772 1455 radius
786 1383 948 1455 exterior
965 1383 1002 1455 in
1019 1382 1171 1456 oculum
1187 1410 1272 1461 ιιοιι
1289 1388 1355 1463 ad-

297 1496 477 1585 mittatur,
495 1496 596 1569 nulla
621 1497 691 1568 erit
716 1496 880 1569 confusio
908 1496 977 1567 nisi
999 1520 1081 1592 quae
1103 1496 1277 1573 oritura
1294 1524 1351 1573 ra·

297 1608 378 1696 diis,
393 1610 456 1706 qui
470 1610 642 1682 cadentes
656 1610 753 1682 inter
768 1610 799 1681 Α
813 1620 850 1682 et
865 1610 894 1681 B
912 1623 1040 1682 secant
1052 1634 1160 1682 axem
1175 1611 1351 1707 optieum

295 1724 483 1818 paululum
500 1725 593 1796 citra
616 1725 657 1811 C,
680 1724 918 1820 inciduntque
940 1725 979 1797 in
1001 1724 1156 1797 retinam
1175 1750 1225 1798 ex
1242 1739 1350 1800 utra·

297 1859 367 1930 que
384 1848 488 1931 parte
505 1838 633 1932 puncti
653 1837 696 1924 C,
715 1850 753 1909 et
770 1836 924 1933 proinde
946 1838 1047 1932 (Cap.
1069 1860 1112 1910 11.
1133 1848 1205 1909 art.
1226 1848 1265 1929 3,
1285 1864 1349 1913 co-

297 1948 377 2020 roll.
398 1952 441 2041 1.)
459 1949 606 2021 confuse
624 1951 771 2045 quidem
785 1950 979 2033 videbitur,
994 1949 1093 2046 quod
1110 1950 1245 2024 evitari
1268 1976 1348 2027 uon

297 2073 431 2156 potest,
446 2061 510 2133 sed
523 2062 643 2134 minus
657 2086 765 2157 quam
780 2064 809 2136 si
824 2064 886 2136 alii
899 2065 1009 2137 etiam
1023 2063 1115 2137 radii
1128 2075 1239 2136 extra
1251 2066 1302 2153 A,
1316 2066 1347 2139 B

297 2173 345 2245 ad
371 2175 527 2247 retinam
552 2176 796 2270 pervenirent.
853 2176 946 2248 Nam
973 2189 1015 2248 ut
1032 2187 1211 2272 punctum
1233 2176 1345 2251 valde

297 2311 450 2382 parvum
470 2288 639 2378 discerni,
657 2289 695 2361 id
713 2303 779 2377 est,
799 2289 971 2363 distincte
989 2289 1104 2361 videri
1121 2288 1254 2384 possit,
1272 2289 1345 2361 im-

296 2400 467 2495 possibile
493 2413 559 2488 est,
586 2401 654 2473 nisi
676 2426 802 2474 omnes
829 2401 922 2474 radii
950 2402 996 2474 ab
1022 2425 1095 2473 uno
1123 2412 1266 2497 puncto
1290 2401 1343 2475 ad

296 2536 410 2585 unum
436 2538 580 2610 quoque
605 2524 781 2609 punctum
808 2514 960 2611 refringi
985 2524 1145 2609 possent,
1171 2512 1210 2584 id
1236 2514 1341 2608 quod

295 2627 396 2699 nulla
405 2627 523 2722 figura
534 2651 762 2722 eorumquae
771 2627 949 2699 hactenus
958 2639 1155 2723 geometrae
1167 2626 1340 2699 conside-

296 2751 481 2828 raverunt,
494 2740 635 2812 efficere
646 2750 778 2834 potest.
808 2739 847 2811 si
856 2741 932 2834 jam
947 2741 964 2811 l
977 2740 1022 2827 Α,
1036 2741 1068 2811 Κ
1083 2738 1338 2813 Bsensibilem

295 2852 452 2925 efficiant
465 2852 651 2947 angulum,
667 2862 775 2924 erunt
792 2852 844 2923 illi
857 2851 910 2923 ita
923 2851 1070 2924 refracti
1088 2862 1130 2923 ut
1142 2851 1280 2925 cadant
1297 2853 1337 2927 in

294 2966 463 3053 retinam,
481 2965 542 3038 alii
560 2990 603 3037 ex
617 2965 777 3054 una,alii
791 2964 920 3036 exalia
935 2974 1041 3060 parte
1057 2963 1185 3060 puncti
1203 2962 1233 3036 C
1250 2986 1338 3039 sen-

296 3077 460 3150 sibiliter.
497 3079 626 3172 Itaque
643 3100 709 3174 per
726 3078 805 3149 illos
823 3077 943 3149 radios
960 3076 1143 3150 videbitur
1161 3076 1196 3148 N
1214 3080 1336 3175 magis

296 3191 456 3263 confuse.
480 3192 601 3286 Atque
612 3192 690 3263 haec
704 3192 757 3262 ita
770 3214 809 3263 se
821 3190 959 3262 habent
971 3191 1009 3263 in
1023 3190 1162 3263 visione
1174 3189 1336 3279 directa;

294 3304 357 3376 ubi
370 3303 618 3399 unusquisque
630 3314 753 3400 partes
767 3303 903 3399 objecti
916 3303 1004 3375 satis
1017 3327 1168 3399 magnas
1179 3302 1217 3374 in
1231 3306 1335 3379 omni

295 3418 371 3491 fere
389 3417 563 3490 distantia
579 3417 668 3490 satis
692 3417 863 3489 distincte
886 3416 987 3488 videt
1009 3426 1143 3511 praeter
1166 3440 1334 3513 myopes,

295 3531 427 3627 quibus
456 3529 548 3601 radii
579 3530 702 3602 visorii
733 3554 817 3602 curn
846 3553 926 3618 axe,
949 3539 1099 3624 propter
1123 3529 1334 3624 angustiam

294 3644 453 3740 pupillae,
472 3643 566 3715 citra
581 3654 759 3738 punctum
777 3644 818 3732 C,
837 3655 874 3715 et
891 3666 996 3716 senes
1019 3643 1162 3737 quibus
1179 3653 1334 3738 propter

294 3757 482 3830 laxitatem
498 3754 672 3851 ejusdem,
692 3757 787 3829 ultra
802 3756 921 3851 ipsum
940 3767 1083 3828 coeunt.
1130 3753 1199 3827 His
1216 3754 1332 3850 igitur

294 3870 388 3943 radii
405 3869 557 3943 extremi
574 3870 762 3942 resecandi
779 3869 836 3941 vel
855 3868 1022 3965 cogendi,
1041 3867 1112 3940 illis
1131 3866 1332 3941 distinendi

294 3984 425 4055 suntsi
443 3984 566 4056 videre
584 3982 754 4055 distincte
770 3983 910 4071 volunt,
928 4006 1074 4054 necesse
1091 3991 1156 4052 est.

344 4106 378 4168 2.
406 4097 449 4168 ln
462 4095 671 4191 telescopio,
686 4108 727 4168 ut
745 4096 827 4192 quis
841 4095 1013 4168 distincte
1030 4094 1164 4182 videat,
1182 4102 1332 4188 oportet

292 4218 335 4280 ut
356 4207 466 4280 iidem
489 4208 561 4281 sint
586 4207 680 4280 radii
705 4209 857 4282 extremi
876 4208 938 4304 qui
954 4207 1103 4281 fuerunt
1132 4206 1331 4280 invisione
