2940 4980
719 350 772 402 DE
792 349 974 402 HOMINE.

716 826 876 902 CAPUT
901 826 944 899 V.

383 998 437 1050 DE
457 998 559 1051 LOCO
578 999 748 1053 OBJECTI
768 1000 1013 1052 APPARENTE
1039 1001 1084 1053 IN
1110 1001 1318 1055 spucoms

431 1112 579 1164 PLANIS
609 1114 659 1165 ΕΤ
680 1113 893 1166 SPHAERICE
923 1114 1134 1167 couvnxls
1163 1115 1245 1166 PER

659 1226 978 1279 REFLEXIONEM.

322 1342 347 1400 1.
367 1340 463 1401 Locus
477 1341 584 1420 objecti
597 1360 745 1419 apparens,
758 1343 818 1400 sive
831 1342 912 1400 locus
925 1341 1065 1418 imaginis,
1079 1361 1131 1419 per
1143 1341 1338 1404 reflexionem
1351 1365 1372 1405 n

356 1435 478 1510 speculis
491 1435 583 1511 planis
596 1454 653 1493 non
667 1435 824 1511 diaphenis.
863 1439 892 1494 2.
913 1435 1001 1500 Quod
1012 1437 1040 1492 in
1054 1435 1176 1511 speculis
1189 1435 1285 1512 planis
1301 1439 1372 1497 dia·

356 1529 457 1604 phanis
470 1528 565 1604 plures
579 1527 653 1586 fiunt
667 1528 805 1604 imagines
824 1527 951 1604 ejusdem
965 1527 1079 1605 objecti.
1119 1532 1148 1587 3.
1165 1527 1370 1590 Definitiones

355 1621 492 1697 quinque.
533 1622 561 1676 4.
583 1619 726 1677 Punctum
748 1619 913 1695 principale,
933 1620 993 1678 sive
1017 1620 1045 1676 in
1067 1638 1125 1696 quo
1143 1622 1290 1679 evanescit
1311 1641 1369 1681 an·

280 1722 283 1729 '
354 1711 438 1787 gulus
452 1711 581 1779 visorius,
600 1711 628 1766 in
643 1709 765 1785 speculis
775 1711 910 1768 convexis
924 1711 1026 1768 dividit
1038 1712 1282 1771 semidiametrunr
1295 1734 1369 1792 spe-

355 1801 412 1859 culi
425 1819 489 1858 carn
502 1819 568 1877 quae
578 1809 621 1858 est
633 1803 662 1858 in
670 1801 874 1878 perpendiculo
884 1801 960 1859 oculi
973 1802 1114 1861 bifariam.
1153 1808 1181 1865 5.
1202 1804 1367 1869 Quomodo

353 1893 434 1951 locus
447 1892 552 1970 objecti
565 1911 705 1969 apparens
714 1912 766 1969 per
776 1893 958 1952 reflexionem
968 1896 997 1952 in
1011 1897 1126 1971 speculo
1136 1896 1275 1974 sphaerice
1289 1916 1366 1958 con·

354 2002 427 2042 vexo
440 1984 626 2043 inveniendus
638 1985 684 2042 sit

130 2134 226 2186 snos,
243 2136 283 2187 11..
320 2113 352 2176 1.
379 2103 641 2177 Mscurruno
670 2114 708 2176 et
733 2104 907 2178 distantia
924 2105 1061 2201 objecti
1089 2107 1301 2202 apparentis
1318 2109 1364 2185 in

132 2213 275 2318 „L
316 2218 471 2313 speculis
498 2218 616 2314 planis
637 2218 772 2314 politis,
799 2219 965 2292 sednon
995 2218 1198 2315 diaphnniS,
1216 2220 1364 2296 eaedem

104 2349 266 2429 moues
317 2341 402 2403 sunt
429 2354 510 2427 quae
538 2330 576 2403 in
592 2330 731 2405 visione
749 2331 900 2423 directa,
919 2331 1065 2429 quando
1083 2332 1206 2407 radius
1233 2333 1273 2406 in
1304 2335 1365 2409 di-

104 2429 283 2538 ffissss,
317 2457 418 2517 recta
434 2444 572 2517 visione
589 2444 738 2541 aequalis
756 2457 812 2519 est
828 2445 1005 2518 ambobus
1022 2445 1134 2518 radiis
1160 2446 1198 2518 in
1215 2447 1362 2524 visione

104 2546 304 2669 lj‘fflffi
316 2558 463 2648 reflexa,
477 2558 648 2630 nimirum
665 2557 718 2630 illi
732 2558 795 2654 qui
813 2569 867 2631 est
878 2558 923 2630 ab
935 2559 1081 2654 objecto
1093 2559 1141 2632 nd
1153 2560 1360 2656 speculum,

104 2675 279 2736 wlsini*
317 2672 380 2769 qui
414 2672 619 2769 appellatur
646 2671 781 2745 radius
811 2671 990 2761 incidens,
1012 2683 1050 2745 et
1074 2672 1127 2745 illi
1157 2673 1219 2769 qui
1250 2686 1362 2750 esta

316 2785 464 2881 speculo
490 2784 538 2859 ad
566 2785 723 2874 oculum,
754 2785 817 2881 qui
843 2795 995 2859 vocatur
1021 2787 1155 2859 radius
1176 2788 1359 2882 replemus,

316 2898 423 2973 simul
440 2901 604 2996 sumptis.

367 3012 423 3086 Sit
449 3014 502 3107 (in
518 3016 579 3110 fig.
597 3012 631 3107 l)
648 3013 832 3109 objectum
849 3011 936 3101 AB,
955 3013 1080 3087 oculus
1102 3014 1140 3087 in
1163 3014 1203 3087 C.
1255 3014 1360 3088 Duc-

316 3125 363 3200 tis
380 3150 468 3223 ergo
480 3128 686 3217 rectisCA‚
705 3127 788 3218 CB,
806 3126 997 3222 apparebit
1007 3127 1046 3201 in
1057 3128 1200 3202 visione
1213 3127 1360 3205 directa

316 3240 502 3334 objectum
532 3242 627 3314 inter
655 3241 740 3331 CA,
776 3252 814 3314 et
849 3239 922 3312 CB
957 3239 1101 3332 alicubi,
1131 3243 1358 3339 propiusque

316 3354 422 3428 oculo
444 3353 525 3451 (per
542 3379 621 3451 cap.
641 3377 704 3428 111.
716 3366 785 3428 art.
804 3354 843 3449 3)
860 3378 970 3450 quam
987 3366 1044 3427 est
1061 3356 1180 3451 ipsum
1194 3355 1269 3428 AB
1289 3355 1358 3429 ob-

313 3471 466 3565 jectum.
519 3469 704 3565 Appareat
734 3469 857 3565 itaque
887 3469 925 3540 in
952 3467 1042 3541 DE.
1095 3469 1358 3565 interponatur

311 3584 389 3678 jam
415 3583 512 3656 inter
534 3582 680 3655 oculum
696 3593 733 3654 et
761 3583 944 3678 objectum
974 3582 1162 3678 speculum
1191 3583 1355 3679 planum,

316 3696 414 3791 quod
430 3696 478 3769 sit
496 3697 524 3769 F
538 3696 580 3786 G,
592 3719 718 3769 secans
736 3695 821 3785 CA,
840 3695 912 3768 CB
929 3695 969 3768 in
987 3696 1022 3768 H
1043 3706 1080 3768 et
1097 3696 1136 3780 l;
1155 3694 1357 3769 ducantur-

317 3831 387 3904 que
404 3807 452 3881 ad
468 3810 540 3883 FG
555 3806 874 3905 perpendiculares
886 3807 970 3898 BL,
987 3809 1080 3899 AK,
1092 3809 1272 3906 factisque
1288 3834 1356 3882 an-

315 3921 410 4018 gulis
439 3923 500 3995 LI
514 3923 557 4013 G,
585 3922 670 3996 KH
686 3921 718 3993 G
734 3921 933 4018 aequalibus
950 3932 1107 4018 utroque
1124 3923 1270 4020 utrique
1288 3947 1354 3996 an-

315 4035 411 4132 gulis
432 4036 487 4109 FI
502 4036 545 4124 C,
572 4036 648 4108 FH
664 4036 694 4108 C
712 4035 786 4107 sive
804 4035 964 4130 ipsorum
989 4037 1222 4110 verticalibus
1237 4037 1354 4127 GIB,

317 4150 396 4223 GH
409 4149 454 4238 A,
466 4163 574 4223 erunt
587 4162 698 4224 rectae
711 4150 795 4239 GL,
814 4149 872 4222 IL
889 4150 1046 4246 aequales
1064 4152 1173 4226 rectis
1191 4151 1277 4238 GB,
1292 4152 1309 4222 I
1323 4151 1353 4222 B

316 4274 470 4360 uterque
493 4264 664 4361 utrique3
692 4263 781 4337 item
810 4274 920 4338 rectae
955 4264 1053 4355 KH,
1080 4267 1117 4338 H
1132 4267 1167 4339 A
1194 4265 1353 4361 aequales
