2940 4980
322 324 388 389 124
703 340 756 389 uu
777 338 959 391 nonius.

132 536 227 585 socr.
244 538 281 586 n.
318 506 428 601 idque
461 504 551 577 locis
578 518 617 577 et
651 506 878 601 temporibus
908 506 1152 599 constitutis,
1191 510 1369 607 imperarit

134 615 275 715 ,ᾗ
318 620 457 691 civitru.
511 620 640 713 ltaque
654 620 843 715 judicandi
873 620 961 717 qnid
988 620 1041 693 sit
1058 620 1276 713 decorum,
1299 622 1369 721 quid

318 757 405 819 non,
425 733 460 805 in
479 733 626 828 publico
644 735 746 805 cultu
772 734 851 821 llei,
868 758 981 829 penes
1004 734 1219 811 civitatem
1240 740 1303 835 jus
1318 748 1368 809 at

319 848 544 918 (lerenroniae
562 860 646 917 sunt
658 871 810 942 opernm
821 847 969 941 pietatis
982 846 1094 943 signa
1111 848 1199 939 illa,
1213 874 1293 923 non
1303 872 1369 945 qua

317 974 489 1031 enatura
515 960 633 1055 operis
662 974 818 1041 tanturn,
837 960 899 1056 qni
927 959 1050 1032 cultus
1079 974 1147 1035 est
1179 962 1370 1049 rationulis,

318 1072 381 1143 scd
399 1074 508 1143 etiarn
528 1073 590 1144 illa
607 1098 690 1169 qnae
721 1074 948 1169 irnperantur
974 1074 1022 1147 ad
1051 1074 1271 1149 arbitrium
1299 1076 1371 1149 ciri·

319 1186 417 1257 tatis.
470 1187 517 1257 llt
543 1200 739 1281 propterea
759 1188 796 1259 in
824 1186 976 1259 diversis
1000 1188 1206 1282 gentibus
1233 1212 1371 1263 necesse

318 1314 374 1371 est
390 1314 432 1371 nt
449 1300 486 1371 in
505 1300 605 1372 crrltn
625 1301 692 1371 llei
710 1301 826 1373 multa
843 1300 917 1373 sint
946 1298 1045 1397 apud
1068 1324 1198 1375 unam
1216 1314 1370 1401 gentem,

318 1437 399 1507 qna
428 1412 526 1507 apud
553 1413 661 1485 oliorn
689 1438 762 1484 non
787 1424 897 1497 sunt3
924 1426 962 1485 et
986 1422 1029 1485 ut
1051 1412 1229 1489 aliorum
1260 1414 1371 1489 cultus

318 1526 538 1621 (quandoque
556 1526 602 1597 ab
621 1526 701 1597 aliis
719 1526 893 1598 rideatur.
946 1524 1076 1597 Cultus
1094 1550 1120 1597 a
1138 1526 1233 1601 Deo
1252 1528 1371 1601 imme-

317 1640 414 1711 diate
445 1639 634 1711 ordinatus
663 1638 783 1711 nullus
814 1662 976 1733 unquam
1006 1636 1077 1709 fuit
1113 1652 1370 1739 praeterquam

318 1752 416 1847 apud
449 1752 610 1839 ludaeos,
639 1765 816 1847 regnante
844 1752 935 1848 ipso.
988 1750 1163 1823 Aliarum
1203 1756 1371 1850 gentium

318 1865 534 1936 ecrernonire
545 1864 626 1936 aliae
640 1864 786 1959 quiden]
801 1864 880 1935 aliis
892 1864 1009 1959 inagis
1019 1876 1129 1936 erant
1143 1866 1370 1949 rationalem

318 1976 416 2070 apud
433 2000 559 2047 ornnes
577 1990 701 2048 trimen
719 1976 934 2049 ceremoniis
951 1976 1031 2071 lege
1049 1974 1153 2049 civili
1167 1978 1293 2073 jussis
1309 1979 1370 2067 uti,

318 2088 495 2159 rationale
513 2102 603 2161 erat.

106 2218 187 2263 cnm
369 2202 497 2273 Cultus
509 2213 631 2297 partes
642 2214 727 2274 sunt
740 2201 798 2273 vel
809 2200 1015 2289 rationales,
1027 2198 1084 2271 vel
1094 2206 1372 2297 superstitiosa

104 2290 275 2405 middin
318 2314 393 2385 sive
410 2316 663 2409 phantasticae.
717 2315 927 2387 Rationalcs
944 2314 1190 2408 sunt‚prim0,
1206 2342 1371 2413 preces:

103 2414 296 2535 ffifflffl
317 2428 374 2499 nis
392 2429 489 2500 enirn
507 2429 656 2500 credere
681 2453 748 2501 nos
774 2428 1019 2523 significamus
1036 2426 1134 2499 bona
1161 2430 1302 2505 omnia
1317 2432 1372 2505 fu-

317 2550 401 2612 tura
418 2541 540 2629 oDeo‚
558 2556 597 2613 et
614 2543 659 2613 nl>
677 2568 721 2613 eo
739 2542 817 2613 solo
835 2540 1015 2637 speranda
1029 2562 1118 2611 esse.
1174 2542 1370 2634 Secundo,

312 2655 531 2750 gratiaram
549 2655 740 2737 (actionem
769 2678 854 2725 narn
873 2654 928 2726 his
941 2653 1192 2749 significamus
1212 2658 1370 2731 credere

316 2791 382 2839 nos
401 2792 422 2839 a
440 2767 531 2856 Deo,
546 2780 583 2839 et
600 2769 645 2839 ab
664 2768 760 2841 illius
778 2768 890 2841 solius
907 2768 1038 2863 gratia,
1051 2767 1150 2840 bona
1165 2772 1370 2863 praeten'ta

315 2880 438 2952 omnia
455 2881 558 2953 nobis
570 2881 657 2954 data
673 2906 762 2953 esse.
815 2881 933 2953 Deum
950 2892 1073 2953 antem
1086 2880 1263 2977 precibus
1276 2886 1368 2959 flec-

314 3005 403 3081 tere,
422 2995 532 3066 etiarn
546 2995 692 3067 vincere
705 2994 871 3067 hornines
884 2995 935 3090 pii
950 2994 1122 3066 dicuntur
1138 2993 1364 3091 aliquandiu

314 3130 387 3178 non
405 3107 503 3202 quod
515 3108 632 3180 Deum
651 3109 868 3180 sententiani
880 3132 982 3179 snarn
997 3120 1035 3180 et
1049 3107 1199 3179 decreta
1216 3122 1363 3185 aetemu

313 3234 454 3293 mutare
485 3245 646 3316 unquam
673 3222 872 3316 coegerint,
890 3220 954 3293 sed
982 3221 1079 3316 quod
1106 3220 1278 3295 omnium
1305 3248 1363 3297 re·

312 3359 394 3406 rurn
425 3334 614 3406 ordinator
648 3334 747 3406 Deus
779 3334 877 3405 dona
910 3358 976 3406 sua
1008 3332 1199 3405 hominum
1224 3359 1360 3430 preces

314 3448 533 3543 quandoque
546 3447 774 3535 antecedere,
787 3447 1006 3543 quandoque
1024 3446 1210 3542 consequi,
1223 3450 1358 3525 voluit.

312 3562 417 3635 Adeo
435 3574 569 3634 utnon
587 3562 784 3657 improprie
802 3575 881 3633 tum
905 3585 1032 3657 preces
1051 3574 1130 3633 tum
1147 3560 1359 3655 gratiarum

313 3676 476 3748 actiones
502 3699 577 3747 uno
595 3674 742 3747 nornine
760 3674 1057 3773 srrpplicatioaes
1074 3672 1249 3771 appellati
1268 3676 1357 3751 sint.

311 3788 449 3875 Tertio,
471 3787 623 3881 jejunio
639 3786 811 3884 publico,
833 3788 966 3884 aliique
995 3801 1100 3861 actus
1127 3800 1284 3884 peccata
1300 3790 1357 3864 lu-

310 3902 487 3997 gentium.
524 3901 638 3996 Signa
654 3899 750 3972 enim
765 3913 850 3974 sunt
860 3902 1099 3998 peanitentiae,
1111 3900 1148 3973 id
1165 3912 1234 3990 est,
1253 3904 1358 3999 quod

311 4028 545 4112 peccatorum
562 4012 694 4109 pudet;
721 4013 852 4087 deinde
864 4014 962 4110 quod
980 4015 1099 4087 minus
1117 4013 1256 4087 viribus
1269 4040 1358 4112 pro-

311 4128 400 4225 priis
417 4127 687 4226 praeteritorum
703 4127 871 4223 lapsuum
894 4128 1033 4200 conscii
1058 4126 1298 4219 confidamus,
1318 4142 1360 4207 et

312 4242 411 4338 quod
438 4242 475 4314 in
493 4241 657 4313 futurum
687 4242 784 4315 cauti
811 4242 1074 4315 essevolumus
1099 4266 1147 4315 ne
1166 4239 1202 4313 iu
1220 4266 1358 4337 pecca-
