2940 4980
321 328 385 392 114
718 336 770 386 nn
791 334 972 385 nomme.

124 544 223 593 θεοῖ,
239 542 277 594 η,
315 508 418 581 nium
435 506 526 580 facit
541 529 657 593 come,
674 515 874 600 propterea
891 500 991 597 qnod
1006 498 1049 573 in
1068 500 1295 575 tribuendo
1310 500 1375 575 eui-

129 622 273 727 ᾖ
316 645 387 718 quc
414 621 603 707 honorem,
626 630 708 691 tuto
726 616 818 711 largi
843 626 882 687 et
906 612 1058 711 benigni
1088 638 1186 689 esse
1214 628 1374 713 possum,

316 760 399 808 cum
418 733 532 806 debiti
564 732 710 803 sibimet
735 730 824 825 ipsis
849 728 999 801 honoris
1024 728 1123 801 satis
1144 730 1232 805 sint
1251 730 1374 803 secari.

316 845 530 921 Nobilitatis
554 868 661 917 novae
690 842 879 937 ingenium
907 838 1024 935 magis
1040 850 1104 913 est
1121 842 1326 939 suspicax,
1340 852 1375 913 nt

316 960 391 1057 qui,
416 957 580 1031 nondum
609 957 699 1029 satis
725 954 818 1028 certi
836 964 995 1049 quantas
1012 951 1140 1026 bonor
1160 954 1244 1029 sibi
1271 954 1375 1029 tribui

317 1074 438 1161 debet,
469 1072 564 1143 fiunt
594 1092 721 1141 versus
749 1066 939 1140 inferiores
962 1088 1058 1161 saepe
1087 1066 1216 1143 nimis
1249 1068 1375 1167 asperi,

316 1208 443 1259 vcrsus
460 1184 619 1280 aequales
636 1182 745 1253 nimis
758 1178 967 1253 verecundi.

102 1316 251 1393 Arvernique
367 1308 403 1373 6.
431 1299 489 1371 Ab
515 1296 687 1393 opinione
718 1318 828 1389 qnam
845 1292 957 1365 habet
985 1290 1145 1386 quisque
1168 1292 1226 1367 de
1245 1294 1374 1393 seipso.

101 1396 304 1505 diffl'am
317 1414 409 1487 inde
436 1412 535 1484 enim
562 1410 605 1481 fit
631 1419 674 1480 nt
702 1408 764 1504 qui
795 1405 864 1477 sibi
881 1404 1052 1477 videntur
1076 1406 1296 1501 sapientes,
1313 1430 1376 1481 nee

319 1538 417 1615 sunt,
444 1522 635 1619 ingenium
663 1520 711 1593 ad
742 1543 808 1592 sua
837 1518 1001 1616 ipsorum
1022 1516 1116 1589 vitia
1144 1520 1375 1619 corrigenda

316 1642 481 1736 ineptum
496 1636 669 1709 habeant.
722 1633 807 1706 Non
825 1631 972 1705 enimin
989 1630 1118 1727 seipsis
1133 1654 1223 1705 esse
1242 1648 1374 1731 putant

317 1752 417 1849 quod
445 1748 579 1845 corrigi
598 1747 718 1819 dcbet.
762 1746 911 1833 Contra,
942 1744 990 1817 ad
1006 1744 1164 1817 aliorum
1192 1746 1307 1823 facta
1322 1748 1375 1821 vel

317 1862 617 1959 corrigenda,ch
634 1858 887 1955 vituperanda,
898 1858 958 1931 vel
970 1856 1176 1931 deridenda
1184 1862 1374 1957 proclives

317 1987 415 2064 sunt,
430 1986 472 2047 ut
490 1974 565 2069 qui,
580 1972 758 2070 quicquid
773 1973 912 2045 factum
922 1970 1050 2045 vident
1065 1982 1209 2067 praeter
1220 1986 1376 2049 senten-

317 2090 407 2162 tiam
424 2112 540 2175 suam,
559 2111 635 2159 non
652 2097 753 2159 recte
769 2085 908 2159 factum
924 2096 1069 2182 putant.
1120 2084 1267 2183 Itaque
1287 2090 1376 2163 eiri-

317 2215 432 2276 tatcm
445 2202 557 2274 etiam
574 2201 669 2273 malc
681 2200 878 2295 gubcman'
891 2199 1113 2287 existimant,
1131 2221 1221 2293 quae
1237 2224 1324 2277 non
1336 2216 1377 2277 ut

317 2316 387 2412 ipsi
414 2315 544 2387 volunt
559 2314 810 2411 gubernatum
837 2325 874 2386 ct
900 2336 968 2409 per
985 2334 1219 2407 consequens
1246 2316 1302 2389 ad
1319 2340 1377 2389 res

317 2454 431 2503 novas
449 2428 593 2501 eaeteris
607 2428 815 2500 hominibus
827 2426 994 2523 aptiores·
1000 2436 1096 2499 sunt.
1136 2426 1299 2519 Eorum,
1313 2430 1376 2527 qui

317 2544 386 2615 sibi
406 2542 582 2615 videntur
608 2541 721 2631 docti,
740 2542 837 2614 idem
864 2554 920 2614 est
948 2540 1159 2637 ingenium3
1186 2542 1376 2617 videntur

317 2656 415 2729 enim
432 2656 501 2729 sibi
518 2655 723 2751 sapientem
749 2679 835 2727 nam
853 2654 1001 2727 doctum
1015 2676 1106 2741 esse,
1120 2651 1192 2725 nisi
1211 2652 1373 2729 doctum

317 2770 365 2842 ad
392 2768 622 2865 sapientiam,
641 2792 749 2841 nemo
776 2778 937 2863 cuperet.
990 2768 1089 2839 Hine
1105 2766 1148 2839 fit
1166 2777 1210 2839 ut
1239 2770 1372 2865 paeda-

317 2883 406 2979 gogi
430 2880 628 2977 saepissime
652 2880 800 2977 ingenio
821 2880 895 2953 sint
911 2880 1076 2953 censorio
1093 2891 1132 2952 et
1147 2879 1197 2952 ad
1213 2882 1371 2955 convie-

317 3008 397 3069 tum
415 2995 554 3083 odioso,
572 3006 615 3067 ut
640 2995 715 3090 qui,
734 3017 818 3066 cum
836 2994 971 3065 eleetos
997 3016 1036 3065 se
1053 2990 1204 3065 videant
1218 2993 1273 3066 ad
1289 2994 1370 3067 for-

318 3108 471 3182 mandos
488 3132 608 3180 mores
625 3130 834 3203 puerorum,
851 3106 911 3179 vix
925 3106 1112 3179 abstinent
1128 3130 1152 3177 a
1168 3106 1369 3181 censendis

318 3222 481 3295 moribus
511 3220 674 3316 ipsorum
715 3231 873 3316 patrum,
905 3219 1040 3292 nedum
1074 3218 1366 3295 conviventium.

317 3335 438 3407 Etiam
472 3335 536 3429 qui
566 3335 787 3407 adhibentur
817 3334 865 3406 ad
894 3331 1075 3428 regendos
1099 3332 1270 3405 doctrina
1298 3358 1368 3407 sua

317 3472 439 3521 mores
465 3447 642 3543 publieoa
661 3446 834 3520 nimirum
852 3445 1022 3519 doctores
1050 3444 1225 3533 ecclesia,
1242 3446 1366 3521 nesei-

317 3573 492 3656 entesque
510 3584 533 3631 a
560 3585 633 3656 quo
660 3559 708 3630 ad
725 3557 968 3630 ministerium
985 3568 1130 3629 tantum
1147 3570 1364 3649 evocantur,

313 3675 417 3769 ipsos
434 3696 540 3767 reges
555 3684 593 3743 ct
606 3672 771 3743 eeclesiae
788 3685 949 3744 rectores
967 3694 1128 3744 summos
1141 3694 1164 3743 a
1177 3693 1217 3744 se
1229 3694 1365 3769 regen-

318 3786 385 3859 dos
398 3810 478 3859 esse
491 3785 701 3881 postulant;
727 3784 801 3856 imo
819 3807 894 3858 non
912 3785 1060 3879 regibus
1078 3796 1116 3857 et
1133 3784 1190 3873 iis,
1205 3808 1367 3881 quorum

318 3922 416 3972 eurae
433 3898 531 3971 salus
548 3896 673 3992 populi
690 3921 714 3970 a
731 3896 809 3968 Deo
828 3898 1022 3971 commisse
1038 3910 1106 3987 est,
1124 3898 1189 3971 sed
1205 3898 1278 3971 sibi
1294 3900 1368 3975 im-

319 4011 478 4084 mediate
495 4036 518 4083 a
536 4011 614 4082 Deo
641 4033 774 4082 munus
799 4010 889 4083 illud
915 4035 1127 4085 concessum
1150 4034 1228 4084 esse
1245 4012 1369 4089 videri

318 4124 460 4211 volunt,
478 4146 622 4197 summo
650 4146 733 4195 cum
760 4124 924 4219 periculo
952 4124 1121 4197 eivitatia
1174 4124 1369 4217 Similiter,

319 4236 357 4325 ii,
375 4237 438 4332 qui
456 4261 478 4310 a
495 4236 645 4309 civitate
671 4236 858 4333 eligantur
875 4237 921 4311 ad
951 4238 1295 4334 interpretationem
1312 4240 1369 4315 ie-
