2940 4980
108 516 206 567 SECT.
221 518 261 568 11.

104 2664 119 2707 J
121 2664 196 2707 nstitit
204 2678 218 2707 o

104 2730 153 2773 Duo
162 2730 230 2772 conli-

103 2794 147 2837 bus
155 2794 271 2851 insculpto.

296 302 365 367 120
674 314 729 365 nn
749 312 931 366 nonius.

291 493 486 578 propterea
502 504 576 553 non
595 480 815 577 disputanda
832 492 900 569 est,
925 478 994 553 sed
1008 480 1239 579 implendo,
1287 480 1346 555 Ne·

108 596 250 699 ss
293 618 364 690 que
396 595 493 665 enim
523 618 570 665 on
598 594 798 666 honorifice
826 593 872 666 de
898 594 979 667 Deo
1008 594 1272 669 sentiendum
1299 596 1347 685 sit,

293 732 411 804 neque
425 732 472 779 an
492 708 541 779 sit
551 709 740 793 amandus,
751 707 948 795 timendus,
966 707 1183 801 colendus,
1200 708 1348 783 dubitari

292 832 423 919 potest.
491 822 585 893 Sunt
619 821 717 892 enini
751 820 831 893 haeo
859 818 1091 915 religionum
1125 846 1204 919 per
1236 844 1348 895 omno

292 947 421 1031 gentes
456 933 673 1006 communia.
743 932 984 1028 Disputantnr
1012 956 1060 1005 eo
1093 934 1198 1025 sola,
1228 936 1348 1033 quibus

291 1070 387 1119 unus
404 1047 514 1119 homo
531 1046 577 1119 ab
595 1046 667 1119 alio
685 1045 875 1131 dissentit,
895 1070 977 1141 quae
987 1060 1212 1143 propterea
1224 1050 1275 1123 de
1286 1048 1348 1121 fide

293 1161 330 1232 in
349 1160 466 1232 Deum
483 1184 557 1232 non
576 1174 672 1232 sunt.
726 1160 768 1231 ln
787 1159 844 1231 his
860 1170 984 1231 autem
1009 1158 1347 1255 disputationibus,

293 1274 380 1345 dum
410 1274 600 1346 seientiam
626 1272 822 1369 (niaerimus
850 1296 975 1345 earnm
1002 1295 1139 1347 rerum
1170 1300 1262 1373 quae
1288 1276 1347 1349 sub

292 1388 480 1459 scientium
498 1411 571 1459 non
590 1387 738 1474 eadum,
764 1385 875 1458 fidem
892 1386 930 1457 in
950 1386 1085 1473 Deum,
1104 1390 1347 1483 quantumin

292 1501 397 1572 nobis
412 1513 479 1587 est,
494 1500 725 1572 destruimus.
779 1500 901 1571 Posito
913 1498 1011 1570 enim
1023 1498 1196 1575 scientio
1208 1504 1347 1577 tollitur

291 1614 393 1703 fides,
421 1614 516 1686 sicut
541 1614 661 1708 posita
690 1612 864 1685 fruitione
893 1612 1035 1684 tollitur
1062 1635 1167 1709 speS.
1230 1618 1346 1691 Docet

291 1740 414 1799 autem
431 1727 629 1823 apostolus
644 1751 688 1798 ex
703 1726 819 1799 tribus
833 1724 1139 1817 virtutibusfide,
1156 1754 1250 1827 spe,
1261 1730 1347 1805 cha-

290 1840 420 1928 ritate,
446 1840 662 1911 advenionte
688 1862 803 1933 regno
830 1838 910 1924 Dei,
923 1838 1044 1933 fidem
1069 1850 1111 1913 et
1137 1866 1256 1939 spem
1273 1868 1346 1917 am-

289 1952 386 2048 plius
403 1977 479 2025 non
495 1953 662 2041 existere,
688 1952 754 2024 sod
779 1952 893 2025 solam
918 1975 1065 2024 manere
1092 1952 1345 2030 charitatem.

292 2066 522 2147 Quaestionos
540 2090 628 2161 orgo
647 2064 692 2138 de
711 2076 841 2137 natura
867 2065 935 2137 Dei
961 2076 1104 2137 noturae
1132 2070 1347 2145 conditons

291 2178 398 2250 nimis
429 2178 580 2251 curiosae
608 2191 707 2262 sunt,
736 2203 803 2251 nee
831 2178 1002 2274 oporibus
1025 2178 1181 2275 pietatis
1211 2208 1348 2257 accen-

291 2289 435 2374 sendae;
471 2303 508 2363 et
538 2292 599 2387 qui
628 2291 816 2387 disputant
846 2292 892 2363 de
922 2291 1012 2379 Deo,
1038 2314 1115 2363 non
1149 2304 1236 2367 tom
1267 2298 1347 2371 Deo

290 2404 413 2493 fidem,
440 2406 498 2477 cni
521 2407 598 2500 jani
615 2430 741 2478 omnus
759 2405 926 2493 credunt,
946 2430 1055 2501 quam
1077 2404 1235 2482 sibimet
1257 2411 1348 2507 ipsis

291 2517 485 2591 conciliare
502 2516 666 2613 cupiunt.

342 2642 376 2703 5.
405 2632 586 2712 Quoniam
613 2642 735 2703 autem
757 2656 880 2705 amare
900 2632 1019 2704 Deum
1040 2630 1139 2706 idem
1157 2636 1346 2731 estquod

289 2744 473 2817 mandatis
491 2746 569 2841 ejus
586 2746 745 2833 obedire,
772 2758 810 2819 et
830 2746 958 2819 timere
977 2746 1096 2819 Deum
1113 2744 1216 2819 idem
1236 2750 1346 2845 quod

290 2860 419 2931 timere
437 2883 483 2931 ns
501 2860 696 2955 quicquam
713 2872 843 2932 contra
859 2859 1033 2932 mandata
1046 2860 1124 2954 ejus
1136 2858 1342 2953 faciamus,

291 2972 404 3067 quaeri
430 2974 562 3045 iterum
582 2985 703 3069 potest
716 2973 814 3046 unde
832 2974 915 3047 sciri
933 2985 1067 3069 potest,
1094 2996 1176 3068 quae
1195 2974 1274 3047 sint
1294 3000 1342 3049 eo

291 3110 372 3180 quae
400 3086 498 3159 Deus
526 3086 729 3182 imperavit.
796 3088 863 3159 Cui
892 3086 1084 3182 qnaestioni
1114 3086 1340 3181 responderi

289 3211 421 3295 potest,
441 3201 559 3272 Deum
577 3224 620 3271 eo
639 3201 731 3295 ipso,
758 3199 857 3295 qnod
882 3199 1048 3271 homines
1068 3198 1198 3271 fecerit
1218 3202 1339 3275 ratio-

290 3314 401 3401 naleS,
420 3313 490 3386 hoc
506 3314 577 3385 illis
590 3314 809 3409 praeeipisse,
822 3326 859 3385 ot
872 3312 1043 3386 cordibus
1057 3312 1221 3385 omnium
1235 3314 1338 3391 hono

289 3428 409 3523 legem
434 3427 679 3522 insumpsisse,
706 3451 754 3500 ne
780 3426 972 3521 quisquam
999 3424 1168 3521 cuiquam
1190 3425 1338 3503 faceret

290 3540 388 3637 quod
405 3541 517 3613 alium
542 3541 611 3613 sibi
636 3540 758 3613 facere
784 3540 950 3635 iniquum
979 3540 1141 3613 duceret.
1194 3540 1239 3613 ln
1258 3565 1335 3638 quo

289 3665 474 3750 praecepto
491 3653 663 3726 universa
676 3653 819 3748 justitia
836 3666 873 3725 et
891 3653 1100 3728 obedientia
1112 3652 1228 3727 civilis
1242 3678 1336 3729 con-

290 3767 439 3840 tinetur.
505 3766 597 3848 Quis
625 3766 722 3838 enim
751 3779 808 3839 est
837 3767 911 3862 qui,
938 3767 968 3839 si
997 3767 1036 3839 in
1065 3767 1213 3839 ciuitate
1245 3792 1336 3843 oum

289 3904 430 3953 summo
448 3880 601 3977 imperio
620 3880 842 3953 constitutus
859 3890 954 3953 esset
972 3904 995 3952 a
1011 3879 1158 3975 populo,
1176 3882 1336 3977 regendi

289 3992 345 4064 sui
362 4005 400 4066 et
416 3994 539 4091 legum
557 3992 829 4067 condendarum
846 4018 967 4079 causa,
982 4017 1057 4066 non
1071 3993 1236 4089 iniquum
1250 4019 1335 4071 esse

287 4106 387 4200 leges
410 4130 493 4181 suas
515 4132 537 4180 a
559 4106 722 4203 quolibet
742 4108 890 4180 subdito
916 4107 1051 4204 sperni,
1079 4106 1138 4179 vel
1164 4107 1335 4183 authori-

288 4229 402 4292 tatem
434 4244 536 4293 suam
560 4218 708 4315 negligi,
735 4220 871 4293 nedum
900 4220 1090 4316 disputari,
1114 4220 1333 4316 judicaret?
