2940 4980
348 556 352 563 Ι
380 476 515 527 INDEX
536 433 720 529 CIPITUM
742 478 856 529 LIBRI
879 479 931 529 DE
953 478 1063 530 CIVE.

549 724 606 765 SUB
628 724 747 765 TITULO
769 724 905 766 IMPERII·

199 906 228 964 5.
249 901 297 961 De
310 901 412 961 Caunis
425 909 454 959 et
468 901 661 960 Generatione
675 900 806 959 Civitatis
905 934 916 946 -
996 935 1008 946 ·
1086 935 1099 948 ·
1178 934 1190 947 ·
1209 905 1269 962 909

199 1011 229 1067 6.
249 1004 296 1065 De
308 1007 381 1066 Jure
394 1004 464 1082 ejus,
477 1005 537 1062 sive
547 1004 669 1063 Concilii
681 1004 742 1062 sive
755 1003 890 1062 Hominis
901 1006 993 1074 unius,
1004 1006 1054 1081 qui
1067 1005 1096 1062 in
1111 1001 1200 1061 civi-¹

296 1118 355 1169 tate
369 1127 435 1167 eum
448 1127 560 1167 summa
574 1107 718 1167 Potestste
731 1116 775 1167 est
814 1140 1190 1154 ·····
1210 1113 1268 1169 916

199 1217 227 1278 7.
247 1212 294 1273 De
307 1213 399 1272 tribus
419 1211 577 1271 Civitstum
597 1211 764 1290 Speciebus,
782 1211 977 1283 Demonrstin,
991 1213 1189 1283 Aristocrstis,

296 1317 468 1377 Monsmhis
539 1349 1188 1366 ········
1209 1321 1267 1378 935

199 1426 228 1482 8.
249 1420 296 1481 De
308 1423 380 1482 Iure
393 1420 587 1481 Dominorum
599 1423 628 1479 in
644 1421 748 1480 Servos
811 1452 1189 1466 ·····
1209 1424 1268 1482 949

198 1532 227 1589 9.
248 1525 296 1585 De
308 1526 380 1587 Jure
394 1525 550 1585 Parentum
563 1527 593 1583 in
607 1524 737 1592 Liberos,
750 1533 781 1584 et
792 1525 829 1583 de
843 1524 947 1602 Regno
961 1523 1156 1583 Patrimoniali
1177 1555 1190 1568 ·
1209 1528 1268 1586 954

180 1632 226 1690 10.
248 1630 415 1708 Specierum
428 1631 515 1689 trium
535 1627 676 1699 Civitatis,
696 1629 792 1705 quond
811 1628 1001 1699 incommode,
1013 1628 1190 1706 singularum

296 1735 481 1813 comparatio
539 1764 1189 1781 ........
1207 1735 1267 1793 264

181 1844 227 1899 11.
247 1839 329 1899 Lens
348 1848 377 1898 et
399 1839 541 1916 Exempla
559 1840 715 1915 Scripturas
737 1837 833 1898 Snerae
850 1838 887 1896 de
909 1837 982 1898 Jure
1002 1836 1106 1915 Regni,
1124 1857 1190 1914 quae

296 1945 423 2004 secunda
434 1945 569 2003 videntur
581 1944 731 2003 antedictis
813 1975 1189 1989 ·····
1209 1945 1267 2004 978

181 2052 227 2108 19.
247 2047 296 2107 De
308 2048 410 2108 Csusis
422 2049 541 2107 internis
554 2048 708 2108 Civitatem
722 2046 940 2106 dissolventibus
996 2079 1008 2091 ·
1086 2079 1098 2092 ·
1178 2080 1190 2091 ·
1208 2050 1268 2105 984

180 2157 227 2213 13.
246 2151 294 2211 De
307 2151 419 2212 Officiis
431 2171 532 2211 eorum
545 2154 749 2230 quisummum
763 2150 919 2227 Imperium
932 2150 1130 2209 administrent
1176 2184 1189 2198 ·
1208 2152 1266 2212 997

179 2260 226 2317 14.
246 2256 294 2317 De
306 2257 621 2336 LegibusetPecestis
719 2287 1189 2302 ······
1209 2259 1263 2315 311

515 2482 573 2524 SUB
595 2481 712 2523 TITULO
734 2480 927 2522 nsnlclorus.

178 2595 224 2652 15.
244 2590 292 2652 De
305 2592 409 2670 Regno
423 2592 480 2652 Dei
493 2612 545 2670 per
559 2592 700 2652 Naturam
721 2623 1188 2638 ······
1208 2596 1261 2651 331

178 2700 225 2758 16.
245 2694 293 2754 De
307 2696 410 2775 Regno
424 2697 481 2757 Dei
494 2718 546 2776 per
560 2698 681 2758 Pactum
696 2698 788 2757 Vetus
811 2729 1188 2743 ·····
1209 2701 1262 2757 351

178 2804 224 2866 17.
244 2800 291 2860 De
305 2801 408 2881 Regno
422 2802 479 2863 Dei
492 2824 545 2881 per
558 2804 680 2864 Paetum
694 2803 810 2862 Novum
899 2836 911 2848 ·
991 2839 1003 2849 -
1081 2836 1093 2847 ·
1176 2837 1189 2849 ·
1208 2805 1268 2865 379

178 2909 224 2965 18.
244 2906 292 2966 De
306 2906 480 2967 Necessariis
493 2909 529 2968 sd
543 2909 696 2968 introitum
711 2911 739 2967 in
755 2909 889 2986 Regnum
902 2909 1049 2968 Coelorurn
1084 2942 1095 2954 ·
1176 2942 1187 2954 ·
1207 2912 1267 2966 414
