2940 4980
228 254 294 318 142
524 266 729 318 nnnrnrto
749 267 804 317 nu
824 264 1057 321 uncrosss.

222 494 346 543 rerum
372 472 509 567 figuras
533 483 568 542 ct
592 482 727 553 motus,
755 470 829 557 alii,
860 470 938 543 sine
966 470 1248 565 incommodo,
1272 498 1371 549 reruu

222 634 372 695 naturas
385 632 422 693 et
436 646 563 693 causas
577 621 934 717 contemplabantur.
976 620 1255 719 Temporibus
1272 638 1372 699 auten

222 800 304 870 quae
331 774 526 868 insequuta
557 786 657 863 sunt,
684 773 875 847 seientiam
897 774 994 846 hane
1022 774 1210 869 civilem,
1230 780 1302 853 etsi
1317 802 1375 853 non

221 926 366 1021 penitus
383 936 624 1019 perspectam,
638 924 762 1019 aliqua
772 936 895 997 tamen
913 926 1149 1019 expertein
1171 930 1376 1027 reipublice

220 1074 397 1171 regimine
413 1086 589 1171 tanquam
607 1099 674 1170 per
691 1076 825 1147 nubem
842 1075 1108 1171 pellucentem,
1125 1080 1290 1175 primus
1306 1080 1378 1154 atla·

220 1248 337 1295 masse
368 1224 501 1296 dieitur
538 1226 720 1309 Socrates,
751 1225 875 1319 itaque
903 1222 1073 1313 coluisse,
1110 1238 1175 1316 ut,
1211 1228 1381 1327 despectu

219 1374 435 1471 desertaque
463 1374 563 1446 omni
596 1374 668 1445 alia
694 1373 935 1469 philosophiae
968 1386 1088 1469 purte,
1123 1378 1261 1453 solam
1297 1380 1381 1453 huuc

219 1526 367 1621 ingenio
396 1548 462 1597 suo
490 1523 639 1617 dignam
659 1522 855 1618 judicaret.
908 1522 995 1595 Post
1012 1544 1101 1595 eum
1133 1524 1270 1615 Plato,
1288 1530 1383 1603 Aris

217 1675 362 1763 toteles,
398 1674 541 1763 Cicero,
576 1673 775 1769 caeterique
808 1672 1017 1777 philosophi
1051 1672 1202 1767 Graeei‚
1243 1680 1380 1769 Latini,

217 1825 376 1920 denique
394 1848 521 1895 omnes
548 1822 713 1895 omnium
729 1823 896 1917 gentium
913 1847 988 1896 non
1006 1822 1121 1897 modo
1139 1828 1383 1929 philosophi,

217 1972 284 2047 sed
301 1974 412 2046 etiam
427 1973 547 2061 otiosi,
562 1973 666 2070 quasi
682 1972 839 2062 facilem,
854 1972 955 2045 nullo
973 1972 1097 2045 studio
1112 1978 1382 2071 ambiendam,

218 2122 415 2217 cujuslibet
441 2121 590 2217 ingenio
621 2122 780 2195 naturali
816 2123 1020 2218 expositam
1054 2134 1092 2195 et
1121 2131 1383 2221 prostitutum

215 2284 506 2346 attrectaverunt
535 2285 819 2370 attrectantque.
873 2274 1057 2370 Quodque
1074 2274 1123 2348 ad
1141 2276 1380 2375 dignitatem

215 2422 294 2517 ejus
312 2421 497 2519 praecipue
521 2421 623 2510 facit,
643 2422 706 2510 illi,
726 2421 789 2517 qui
813 2446 894 2495 earn
920 2446 958 2495 se
985 2423 1121 2495 habere
1150 2438 1303 2521 putant
1319 2432 1380 2505 vel

214 2595 258 2644 eo
276 2571 358 2645 loco
376 2583 462 2643 sunt
479 2584 521 2644 ut
538 2572 673 2643 habere
691 2572 861 2662 debeant,
880 2572 971 2645 adeo
989 2572 1058 2645 sibi
1075 2572 1113 2644 in
1132 2575 1219 2670 ejus
1247 2580 1377 2675 specie

214 2724 450 2797 vehementer
459 2725 618 2821 placent,
632 2736 675 2797 ut
686 2724 910 2819 reliquarum
921 2725 1158 2797 scientiarum
1173 2728 1372 2805 studiosos

212 2874 341 2947 haberi
358 2886 396 2947 et
419 2875 540 2947 vocari
571 2873 793 2970 ingeniosae,
812 2874 952 2961 doctos
971 2873 1147 2963 eruditos
1174 2878 1368 2971 quidlibet

213 3028 570 3125 praeterprudenteS,
589 3052 695 3123 aequo
713 3027 836 3099 animo
853 3026 985 3099 ferant.
1013 3026 1110 3098 Nam
1128 3050 1272 3103 nomen
1291 3032 1364 3105 hoc

212 3191 363 3277 propter
382 3179 634 3252 excellentiam
656 3178 800 3274 peritiae
819 3178 935 3250 civilis
953 3176 1021 3249 sibi
1046 3175 1133 3249 solis
1152 3174 1287 3253 deberi
1305 3204 1365 3255 ar·

198 3330 408 3404 bitrantur.
447 3329 530 3402 Sive
549 3328 662 3424 igitur
675 3329 910 3401 scientiarum
928 3327 1089 3423 dignitas
1107 3351 1152 3399 ex
1170 3326 1363 3425 dignitate

210 3504 337 3555 eorum
355 3480 403 3553 ad
421 3504 512 3575 quos
529 3480 728 3575 pertinent,
748 3480 823 3552 sive
841 3504 886 3551 ex
903 3501 1057 3551 numero
1075 3502 1203 3552 eorum
1223 3480 1290 3575 qui
1314 3481 1362 3555 de

210 3630 298 3726 ipsis
329 3630 566 3726 seripsemnt,
584 3630 660 3702 sive
688 3654 733 3701 ex
757 3629 899 3725 judicio
917 3628 1274 3726 sapientissimorum
1290 3631 1362 3705 ho-

209 3781 350 3852 minum
364 3780 582 3854 aestimanda
599 3792 666 3870 est,
682 3780 896 3876 dignissima
909 3792 1009 3853 certe
1023 3779 1264 3853 scientiarum
1277 3780 1361 3855 haee

209 3930 290 4026 ipsa
307 3941 374 4020 est,
393 3956 475 4027 quae
503 3932 550 4004 ad
573 3932 758 4028 principes
777 3932 948 4028 pertinet,
976 3931 1215 4026 hominesque
1242 3930 1284 4005 in
1302 3956 1362 4007 re-

208 4082 330 4179 gendo
365 4107 499 4178 genere
530 4084 691 4157 humano
727 4095 950 4180 occupat0s;
984 4086 1088 4180 cujus
1123 4082 1235 4156 etiam
1261 4084 1361 4161 falsa

208 4229 329 4326 specie
353 4255 479 4303 omnes
492 4231 569 4304 fere
587 4233 753 4305 homines
773 4233 1026 4315 delectantur3
1054 4232 1147 4305 etin
1174 4256 1249 4327 qua
1271 4234 1360 4329 phi-
