2940 4980
262 212 329 277 146
583 232 796 287 pransuro
815 235 870 290 An
889 238 1130 299 nrcnonns.

256 430 325 505 sim
349 432 575 529 inspiciatur,
600 438 685 511 sciri
709 462 783 513 non
808 452 951 537 potest:
976 444 1033 521 ita
1056 450 1106 523 in
1134 452 1233 549 jure
1261 456 1403 533 civitdu

256 582 462 679 civiumque
487 586 615 659 officiis
640 586 913 687 investigandis,
938 618 1033 693 opus
1056 610 1137 691 nt,
1158 626 1246 679 non
1272 606 1404 703 quiden

255 747 299 808 ut
315 734 534 809 dissolvatur
550 738 689 829 civitas,
707 740 773 815 sed
797 752 920 818 tamen
943 757 987 819 ut
1010 758 1212 847 tanquam
1239 756 1405 831 dissolm

256 884 517 975 consideretur,
535 888 574 961 id
590 900 656 979 est,
669 902 713 963 ut
729 891 846 985 qualis
862 893 910 967 sit
925 906 1061 971 natura
1072 898 1272 995 humana,
1286 906 1405 1003 quibus

256 1038 364 1111 rebus
379 1038 428 1112 ad
444 1039 629 1115 civitatem
655 1044 982 1141 compaginandam
1007 1058 1100 1145 apta
1115 1054 1187 1127 vel
1206 1056 1341 1155 inepta
1354 1058 1403 1145 sit,

255 1201 293 1265 ct
309 1193 491 1289 quomodo
508 1194 673 1267 homines
689 1195 785 1269 inter
801 1220 840 1269 se
857 1198 1027 1295 componi
1046 1198 1229 1280 debcant
1248 1208 1314 1305 qui
1331 1232 1403 1283 coa·

253 1342 389 1419 lescerc
405 1346 544 1435 volunt,
557 1357 658 1419 recte
669 1345 905 1443 intelligatur.
930 1348 1056 1423 Talem
1069 1374 1170 1449 ergo
1186 1358 1403 1433 methodum

253 1509 410 1586 secutus,
435 1520 546 1593 pono,
568 1496 687 1592 primo
712 1496 805 1586 loco,
829 1520 897 1594 pro
921 1498 1104 1597 principio
1133 1506 1325 1583 omnibus
1346 1508 1404 1607 per

253 1647 517 1746 experientiam
532 1657 633 1737 noto,
650 1648 819 1745 quodque
844 1674 952 1723 nemo
969 1660 1027 1723 est
1050 1652 1117 1747 qui
1146 1678 1234 1731 non
1254 1662 1404 1735 confite-

252 1810 348 1887 atur,
365 1797 547 1887 nimirum,
561 1796 709 1893 ingenia
721 1798 910 1872 hominum
923 1800 1102 1895 ejusmodi
1116 1824 1208 1879 esse
1221 1832 1249 1881 a
1261 1822 1403 1900 naum

244 1958 294 2021 ut
319 1948 388 2021 nisi
413 1961 514 2022 metu
539 1949 712 2044 potentiae
737 1950 890 2045 alicujus
906 1951 1110 2025 communis
1133 1974 1404 2051 coerceantur,

251 2096 341 2189 fore,
359 2112 402 2173 ut
418 2099 487 2172 sibi
504 2099 659 2173 inuicem
676 2099 843 2172 diffidant
860 2112 899 2173 et
915 2122 992 2173 sese
1009 2110 1138 2177 mutuo
1152 2116 1355 2203 metuant,
1371 2124 1405 2185 ct

251 2262 294 2324 ut
309 2249 466 2347 propriis
482 2250 618 2323 viribus
635 2248 769 2345 singuli
786 2248 854 2322 sibi
871 2272 1001 2322 cavere
1023 2272 1107 2323 cum
1128 2254 1224 2349 jure
1242 2262 1403 2355 possint,

252 2408 331 2473 tum
347 2399 551 2473 necessario
568 2400 694 2473 velint.
721 2398 911 2494 Objicietis
927 2399 1081 2473 fortasse
1096 2408 1314 2484 nonnullos
1330 2412 1403 2485 hoc

251 2574 397 2647 negare.
433 2550 490 2623 Ita
505 2572 592 2623 vero
610 2560 687 2633 cst3
704 2548 875 2645 permulti
892 2548 990 2621 cnim
1011 2560 1161 2646 negant.
1197 2552 1400 2635 Numnam

251 2700 375 2797 igitur,
393 2701 456 2798 qui
473 2700 619 2774 eosdem
634 2700 732 2773 idem
747 2710 785 2772 ct
800 2699 909 2773 fatcri
925 2710 963 2771 et
979 2724 1114 2797 negare
1126 2700 1228 2795 dico,
1243 2730 1397 2785 mecum

251 2852 328 2947 ipse
343 2850 493 2948 pugno?
520 2850 673 2924 Minime
691 2850 838 2947 quidem
856 2873 936 2946 ego,
954 2849 1020 2923 sed
1035 2850 1100 2940 illi,
1117 2852 1194 2948 qui,
1207 2858 1319 2951 quod
1333 2884 1396 2935 ao-

249 2998 410 3073 tionibus
424 3000 656 3089 confitentur,
668 2998 707 3071 id
719 2999 837 3095 ipsum
851 2998 1017 3072 oratione
1030 3014 1179 3097 negant.
1205 3005 1391 3085 Videmus

248 3150 417 3225 civitates
427 3174 564 3240 omncs,
576 3151 718 3224 etiamsi
731 3174 814 3223 cum
824 3149 953 3223 vicinis
964 3174 1092 3246 pacem
1105 3152 1283 3248 habeant,
1294 3162 1388 3235 fines

247 3310 370 3375 tamen
395 3324 479 3373 suos
503 3298 682 3396 praesidiis
707 3298 874 3388 militum,
899 3300 1008 3371 urbes
1033 3300 1227 3393 moenibus,
1251 3308 1385 3401 portis,

246 3451 380 3548 vigiliis
394 3449 500 3523 tueri.
528 3450 712 3523 Quorsum
724 3447 816 3536 haec,
830 3447 860 3519 si
873 3472 896 3520 a
907 3447 1036 3520 vicinis
1048 3448 1139 3521 nihil
1151 3456 1383 3530 metuerent?

247 3601 421 3675 Videmus
432 3599 589 3673 etiamin
600 3598 688 3695 ipsis
701 3597 919 3687 civitatibus
929 3597 1102 3694 ubileges
1112 3609 1200 3672 sunt
1210 3611 1383 3699 etpoenae

246 3751 286 3825 in
310 3752 425 3824 malos
451 3751 671 3839 constitutae,
697 3748 793 3821 cives
817 3760 941 3821 tamen
966 3749 1167 3845 singulares
1192 3774 1316 3849 neque
1342 3755 1382 3829 in

245 3906 378 3979 itincre
394 3928 470 3977 esse
488 3903 564 3976 sine
581 3902 655 3975 telo
670 3901 725 3973 sui
742 3899 961 3973 defendendi
975 3924 1094 3990 causa,
1107 3923 1227 3996 neque
1240 3900 1382 3979 dormi-

246 4066 326 4129 rum
342 4053 396 4126 irc
408 4053 478 4127 nisi
492 4052 668 4125 obseratis
681 4075 756 4124 non
769 4050 878 4123 modo
894 4051 1034 4123 foribus
1047 4059 1177 4123 contra
1193 4051 1380 4149 concives,

246 4203 311 4278 sed
322 4201 433 4276 etiam
444 4201 537 4275 arcis
548 4200 774 4297 capsulisque
784 4210 914 4274 contra
923 4198 1152 4273 domesticos.
1183 4198 1382 4279 Possintnc
