2940 4980
320 320 388 387 102
714 338 767 387 nu
787 336 970 389 nonrnu.

130 532 226 583 socc,
239 534 275 585 η,
316 500 382 574 sed
408 500 557 589 inutilis,
584 500 761 596 simulque
786 502 900 575 animi
925 501 1108 577 indicium
1140 528 1232 581 non
1248 530 1377 605 magm

134 611 276 713 ᾧ
317 614 496 688 conantis,

122 748 281 810 rure-rmus.
365 728 474 799 Artes
488 725 656 799 didicisse
673 728 718 799 ab
737 727 829 815 aliis,
847 728 886 801 id
903 740 969 817 θεῖ,
988 728 1148 803 (Ιοθῖιιιιι
1169 755 1275 821 θεεθ,
1293 734 1376 807 utile

316 840 475 936 quidem,
502 838 566 911 sed
594 864 666 911 non
696 840 913 936 pnlclrrum3
944 854 986 913 ut
1014 842 1052 913 in
1080 866 1165 938 quo
1195 846 1299 921 nihil
1326 860 1377 921 est

315 952 513 1047 egregium.
546 952 640 1024 Nam
658 953 765 1047 pauci
783 963 868 1024 sunt
881 953 943 1050 qui
962 952 1086 1025 doceri
1102 978 1188 1029 non
1204 970 1375 1055 possrmt

365 1064 510 1137 Audere
529 1064 566 1135 in
584 1065 753 1159 periculis
771 1090 853 1137 cum
872 1089 928 1137 res
946 1066 1123 1163 postulat,
1140 1070 1374 1165 pulchrum:

315 1178 489 1274 quianon
510 1178 671 1273 vulgare.
725 1179 787 1249 Sin
816 1202 872 1250 rcs
895 1203 969 1251 non
994 1180 1176 1274 postulet,
1212 1184 1375 1259 stultitia

315 1303 382 1381 θεῖ,
400 1291 438 1363 id
456 1304 523 1379 est,
542 1303 660 1386 turpe.
696 1291 816 1385 Agere
834 1292 872 1363 in
890 1293 989 1364 omni
1007 1292 1088 1366 loco
1107 1312 1375 1393 congruenter

313 1406 460 1502 ingenio
474 1416 510 1477 et
527 1403 754 1500 professioni,
768 1405 806 1475 in
820 1405 906 1477 viris
920 1406 1126 1501 conspicuis
1138 1410 1371 1505 pulchrum

313 1531 355 1591 ut
369 1518 542 1592 indicium
557 1518 692 1613 ingenii
703 1518 819 1590 liberi.
842 1518 1124 1609 contrafacere,
1139 1521 1181 1595 in
1195 1527 1373 1619 personis

314 1632 518 1728 conspicuis
544 1644 651 1727 turpe
677 1643 733 1704 est
759 1644 796 1703 et
821 1632 932 1705 animi
958 1632 1096 1707 servilis
1120 1647 1162 1708 θῖ
1189 1636 1371 1715 habentis

314 1744 412 1841 quod
428 1757 549 1841 tegat:
569 1745 721 1841 pulchra
737 1756 861 1817 autem
879 1746 972 1841 tegit
988 1770 1108 1819 nemo.
1164 1750 1299 1827 Recta
1315 1778 1370 1827 re-

313 1857 549 1954 prehendere,
577 1857 792 1953 ignorantiae
810 1857 968 1953 signum,
995 1870 1126 1955 turpe:
1156 1884 1254 1939 num
1274 1867 1369 1941 scire

314 1983 370 2046 est
385 1996 503 2067 posse.
555 1971 706 2067 Insuper
733 1972 924 2045 convitiari
945 1973 1098 2069 turpius,
1126 1974 1288 2071 siguum
1313 1981 1369 2053 in·

315 2084 459 2159 eruditi.
503 2086 633 2158 Errare
647 2110 722 2158 non
735 2098 853 2181 turpe,
866 2085 951 2182 quia
964 2086 1131 2159 omnibus
1145 2112 1367 2167 commuue.

316 2199 455 2295 Saepius
478 2222 611 2286 errare,
633 2199 774 2273 doctori
800 2211 926 2296 turpe:
955 2200 1041 2295 quia
1061 2212 1196 2275 contra
1216 2207 1368 2299 profes-

314 2314 464 2385 sionem.

364 2425 514 2499 Fiducia
541 2426 609 2515 sui,
635 2426 851 2521 pulchrum:
881 2449 1013 2522 nempe
1040 2426 1186 2523 siguum
1218 2421 1368 2505 conscii

313 2539 458 2612 virtutis
476 2563 562 2611 suae.
597 2539 817 2628 Ostentatio,
835 2539 973 2636 turpis:
995 2564 1082 2613 nam
1098 2540 1218 2613 oritur
1235 2543 1286 2616 ab
1304 2544 1366 2619 in-

312 2652 477 2747 digentia
492 2651 621 2724 laudis

362 2766 603 2860 Contemptus
631 2764 851 2853 divitiarum,
882 2788 957 2836 non
988 2763 1245 2853 maximarum,
1275 2768 1365 2863 pul.

312 2879 462 2952 chrum:
481 2877 652 2951 indicium
667 2877 764 2950 enim
783 2902 857 2950 non
876 2876 1072 2971 indigentis
1084 2900 1209 2973 parvo.
1237 2880 1364 2955 Amor

312 2992 488 3088 pecuniae,
506 3004 633 3087 turpe:
660 2990 804 3086 signum
823 2991 912 3084 ejus,
927 2989 990 3084 qui
1006 2987 1054 3060 ad
1070 2987 1252 3084 quidlibet
1269 2992 1361 3065 duci

311 3115 433 3200 potest
448 3103 627 3176 mercede.
680 3104 868 3187 Praetereo,
887 3101 1032 3196 signum
1050 3113 1104 3175 θεῖ
1125 3101 1357 3198 indigentiae,

312 3219 422 3291 etiam
439 3218 475 3290 in
494 3217 700 3289 hominibus
717 3216 932 3312 pecuniosis

361 3332 555 3427 Ignoscere
572 3330 715 3402 veniam
741 3327 892 3424 petenti,
910 3327 1125 3422 pulchrum3
1152 3352 1240 3400 nam
1256 3328 1358 3405 indi-

311 3445 408 3519 cium
424 3443 565 3516 fiduciae
579 3444 646 3515 sui.
675 3442 845 3515 Inimicos
858 3442 1002 3537 placare
1015 3440 1213 3530 beneficiis
1229 3453 1356 3541 turpe.

310 3558 376 3633 Est
392 3558 490 3631 enim
513 3555 714 3651 redemptio
739 3556 807 3643 sui,
832 3580 896 3628 seu
912 3556 1012 3651 pacis
1031 3556 1179 3651 emptio,
1203 3556 1357 3652 signum

311 3671 545 3767 indigentiam
572 3670 692 3743 solent
717 3668 815 3741 euim
838 3668 1004 3741 homines
1030 3692 1104 3741 uon
1128 3691 1262 3759 emere,
1281 3671 1358 3745 uisi

312 3810 355 3859 ea
372 3786 502 3881 quibus
517 3783 693 3879 indigent.

104 3909 300 3967 mamma
368 3907 422 3970 14.
450 3897 553 3969 Bona
567 3907 603 3968 et
619 3895 714 3967 mala
733 3893 762 3965 si
782 3906 1051 3988 comparentur,
1066 3895 1182 3989 majus
1196 3904 1264 3981 est,
1283 3920 1358 3971 eae-

312 4012 401 4084 teris
418 4011 577 4106 paribus,
597 4008 695 4106 quod
713 4018 768 4080 est
790 4007 1008 4095 diuturnius
1026 4020 1067 4081 ut
1093 4019 1213 4080 totum
1230 4021 1354 4102 parte.

362 4124 408 4195 Et
419 4124 527 4219 quod,
539 4122 679 4196 caeteris
690 4120 848 4217 paribus
861 4121 1122 4211 vehementius
1134 4122 1182 4195 ob
1194 4122 1355 4198 eandem

311 4260 468 4310 causam.
521 4237 702 4310 Differunt
719 4235 815 4308 enim
833 4235 949 4330 magis
966 4248 1004 4308 et
1027 4236 1149 4309 miuus
1165 4246 1208 4307 ut
1231 4237 1354 4333 majus

311 4360 348 4422 θῖ
365 4348 495 4421 miuus.
