<?xml version="1.0" encoding="UTF-8"?>
<!DOCTYPE html PUBLIC "-//W3C//DTD XHTML 1.0 Transitional//EN"
    "http://www.w3.org/TR/xhtml1/DTD/xhtml1-transitional.dtd">
<html xmlns="http://www.w3.org/1999/xhtml" xml:lang="en" lang="en">
 <head>
  <title>
</title>
<meta http-equiv="Content-Type" content="text/html;charset=utf-8" />
  <meta name='ocr-system' content='tesseract 3.04.00' />
  <meta name='ocr-capabilities' content='ocr_page ocr_carea ocr_par ocr_line ocrx_word'/>
</head>
<body>
  <div class='ocr_page' id='page_1' title='image "./operaphilosophi00molegoog_0101.png"; bbox 0 0 2940 4980; ppageno 0'>
   <div class='ocr_carea' id='block_1_1' title="bbox 289 325 909 395">
    <p class='ocr_par' dir='ltr' id='par_1_1' title="bbox 289 325 909 395">
     <span class='ocr_line' id='line_1_1' title="bbox 289 325 909 395; baseline 0.006 -4"><span class='ocrx_word' id='word_1_1' title='bbox 289 325 339 393; x_wconf 88' lang='grc'><strong>90</strong></span> <span class='ocrx_word' id='word_1_2' title='bbox 655 344 708 395; x_wconf 83' lang='lat' dir='ltr'><strong>ou</strong></span> <span class='ocrx_word' id='word_1_3' title='bbox 728 342 909 395; x_wconf 75' lang='lat' dir='ltr'><strong>nonina.</strong></span> 
     </span>
    </p>
   </div>
   <div class='ocr_carea' id='block_1_2' title="bbox 104 506 1396 4228">
    <p class='ocr_par' dir='ltr' id='par_1_2' title="bbox 104 506 1343 610">
     <span class='ocr_line' id='line_1_2' title="bbox 104 506 1343 610; baseline 0.01 -35"><span class='ocrx_word' id='word_1_4' title='bbox 104 534 200 586; x_wconf 62' lang='lat' dir='ltr'><strong>sper,</strong></span> <span class='ocrx_word' id='word_1_5' title='bbox 215 538 252 589; x_wconf 76' lang='grc' dir='ltr'><strong>ῃ,</strong></span> <span class='ocrx_word' id='word_1_6' title='bbox 288 515 437 601; x_wconf 90' lang='lat' dir='ltr'><strong>pentem</strong></span> <span class='ocrx_word' id='word_1_7' title='bbox 448 506 649 603; x_wconf 82' lang='lat' dir='ltr'><strong>intelligere</strong></span> <span class='ocrx_word' id='word_1_8' title='bbox 660 508 871 603; x_wconf 89' lang='lat' dir='ltr'><strong>loquentem</strong></span> <span class='ocrx_word' id='word_1_9' title='bbox 882 509 927 582; x_wconf 91' lang='lat' dir='ltr'><strong>de</strong></span> <span class='ocrx_word' id='word_1_10' title='bbox 937 513 1202 610; x_wconf 82' lang='lat' dir='ltr'><strong>morte,oujns</strong></span> <span class='ocrx_word' id='word_1_11' title='bbox 1211 512 1343 587; x_wconf 79' lang='lat' dir='ltr'><strong>nullam</strong></span> 
     </span>
    </p>

    <p class='ocr_par' dir='ltr' id='par_1_3' title="bbox 107 613 1396 2079">
     <span class='ocr_line' id='line_1_3' title="bbox 107 613 1396 719; baseline 0.01 -32"><span class='ocrx_word' id='word_1_12' title='bbox 107 613 248 719; x_wconf 44' lang='lat' dir='ltr'><strong>»ll-,⁴</strong></span> <span class='ocrx_word' id='word_1_13' title='bbox 288 618 424 691; x_wconf 88' lang='lat' dir='ltr'><strong>habere</strong></span> <span class='ocrx_word' id='word_1_14' title='bbox 446 620 564 714; x_wconf 90' lang='lat' dir='ltr'><strong>potuit</strong></span> <span class='ocrx_word' id='word_1_15' title='bbox 582 619 700 693; x_wconf 84' lang='lat' dir='ltr'><strong>ideam</strong></span> <span class='ocrx_word' id='word_1_16' title='bbox 721 622 895 710; x_wconf 76' lang='lat' dir='ltr'><strong>Adamas,</strong></span> <span class='ocrx_word' id='word_1_17' title='bbox 921 623 1065 719; x_wconf 85' lang='lat' dir='ltr'><strong>primus</strong></span> <span class='ocrx_word' id='word_1_18' title='bbox 1092 626 1342 701; x_wconf 74' lang='lat' dir='ltr'>mortalium?</span> <span class='ocrx_word' id='word_1_19' title='bbox 1394 646 1396 665; x_wconf 83' lang='lat'><strong>¹</strong></span> 
     </span>
     <span class='ocr_line' id='line_1_4' title="bbox 290 731 1340 835; baseline 0.013 -33"><span class='ocrx_word' id='word_1_20' title='bbox 290 731 382 803; x_wconf 85' lang='lat' dir='ltr'><strong>Haee</strong></span> <span class='ocrx_word' id='word_1_21' title='bbox 401 756 488 825; x_wconf 80' lang='lat' dir='ltr'><strong>ergo</strong></span> <span class='ocrx_word' id='word_1_22' title='bbox 505 734 663 806; x_wconf 85' lang='lat' dir='ltr'><strong>naturali</strong></span> <span class='ocrx_word' id='word_1_23' title='bbox 682 735 793 808; x_wconf 89' lang='lat' dir='ltr'><strong>modo</strong></span> <span class='ocrx_word' id='word_1_24' title='bbox 818 736 973 833; x_wconf 78' lang='lat' dir='ltr'><strong>intelligi</strong></span> <span class='ocrx_word' id='word_1_25' title='bbox 997 760 1077 811; x_wconf 90' lang='lat' dir='ltr'><strong>uon</strong></span> <span class='ocrx_word' id='word_1_26' title='bbox 1104 750 1340 835; x_wconf 84' lang='lat' dir='ltr'><strong>potuemnt;</strong></span> 
     </span>
     <span class='ocr_line' id='line_1_5' title="bbox 288 848 1341 943; baseline 0.012 -27"><span class='ocrx_word' id='word_1_27' title='bbox 288 855 326 917; x_wconf 90' lang='lat' dir='ltr'><strong>et</strong></span> <span class='ocrx_word' id='word_1_28' title='bbox 342 869 407 941; x_wconf 91' lang='lat' dir='ltr'><strong>per</strong></span> <span class='ocrx_word' id='word_1_29' title='bbox 424 870 660 943; x_wconf 72' lang='lat' dir='ltr'><strong>consequens</strong></span> <span class='ocrx_word' id='word_1_30' title='bbox 689 848 791 943; x_wconf 82' lang='lat' dir='ltr'><strong>origo</strong></span> <span class='ocrx_word' id='word_1_31' title='bbox 817 850 994 923; x_wconf 89' lang='lat' dir='ltr'><strong>sermonis</strong></span> <span class='ocrx_word' id='word_1_32' title='bbox 1015 852 1260 927; x_wconf 80' lang='lat' dir='ltr'><strong>naturaliter</strong></span> <span class='ocrx_word' id='word_1_33' title='bbox 1277 855 1341 929; x_wconf 82' lang='lat' dir='ltr'><strong>aliu</strong></span> 
     </span>
     <span class='ocr_line' id='line_1_6' title="bbox 289 961 1339 1058; baseline 0.013 -29"><span class='ocrx_word' id='word_1_34' title='bbox 289 981 366 1030; x_wconf 85' lang='lat' dir='ltr'><strong>esse</strong></span> <span class='ocrx_word' id='word_1_35' title='bbox 392 982 466 1030; x_wconf 93' lang='lat' dir='ltr'><strong>non</strong></span> <span class='ocrx_word' id='word_1_36' title='bbox 492 961 613 1055; x_wconf 86' lang='lat' dir='ltr'><strong>potnit</strong></span> <span class='ocrx_word' id='word_1_37' title='bbox 638 974 773 1057; x_wconf 88' lang='lat' dir='ltr'><strong>praeter</strong></span> <span class='ocrx_word' id='word_1_38' title='bbox 798 962 909 1058; x_wconf 89' lang='lat' dir='ltr'><strong>ipsius</strong></span> <span class='ocrx_word' id='word_1_39' title='bbox 934 962 1096 1037; x_wconf 91' lang='lat' dir='ltr'><strong>hominis</strong></span> <span class='ocrx_word' id='word_1_40' title='bbox 1121 968 1339 1043; x_wconf 77' lang='lat' dir='ltr'><strong>arbitrium.</strong></span> 
     </span>
     <span class='ocr_line' id='line_1_7' title="bbox 291 1071 1341 1175; baseline 0.01 -29"><span class='ocrx_word' id='word_1_41' title='bbox 291 1071 400 1146; x_wconf 76' lang='lat' dir='ltr'><strong>Quod</strong></span> <span class='ocrx_word' id='word_1_42' title='bbox 417 1074 533 1169; x_wconf 83' lang='lat' dir='ltr'><strong>magis</strong></span> <span class='ocrx_word' id='word_1_43' title='bbox 546 1074 665 1146; x_wconf 83' lang='lat' dir='ltr'><strong>adhue</strong></span> <span class='ocrx_word' id='word_1_44' title='bbox 678 1076 909 1171; x_wconf 82' lang='lat' dir='ltr'><strong>perspicuum</strong></span> <span class='ocrx_word' id='word_1_45' title='bbox 923 1087 978 1149; x_wconf 86' lang='lat' dir='ltr'><strong>est</strong></span> <span class='ocrx_word' id='word_1_46' title='bbox 995 1100 1040 1149; x_wconf 86' lang='lat' dir='ltr'><strong>ex</strong></span> <span class='ocrx_word' id='word_1_47' title='bbox 1051 1077 1287 1175; x_wconf 79' lang='lat' dir='ltr'><strong>linguarum</strong></span> <span class='ocrx_word' id='word_1_48' title='bbox 1298 1082 1341 1155; x_wconf 90' lang='lat' dir='ltr'><strong>ad</strong></span> 
     </span>
     <span class='ocr_line' id='line_1_8' title="bbox 289 1184 1340 1290; baseline 0.014 -35"><span class='ocrx_word' id='word_1_49' title='bbox 289 1184 402 1257; x_wconf 85' lang='lat' dir='ltr'><strong>Bobel</strong></span> <span class='ocrx_word' id='word_1_50' title='bbox 419 1187 611 1260; x_wconf 83' lang='lat' dir='ltr'><strong>oblivione.</strong></span> <span class='ocrx_word' id='word_1_51' title='bbox 665 1189 760 1261; x_wconf 85' lang='lat' dir='ltr'><strong>Nam</strong></span> <span class='ocrx_word' id='word_1_52' title='bbox 777 1214 821 1261; x_wconf 85' lang='lat' dir='ltr'><strong>ex</strong></span> <span class='ocrx_word' id='word_1_53' title='bbox 839 1214 882 1262; x_wconf 86' lang='lat' dir='ltr'><strong>eo</strong></span> <span class='ocrx_word' id='word_1_54' title='bbox 899 1201 1063 1285; x_wconf 87' lang='lat' dir='ltr'><strong>tempore</strong></span> <span class='ocrx_word' id='word_1_55' title='bbox 1082 1191 1240 1290; x_wconf 82' lang='lat' dir='ltr'><strong>linguae</strong></span> <span class='ocrx_word' id='word_1_56' title='bbox 1253 1208 1340 1269; x_wconf 76' lang='lat' dir='ltr'><strong>orta</strong></span> 
     </span>
     <span class='ocr_line' id='line_1_9' title="bbox 288 1300 1340 1407; baseline 0.012 -37"><span class='ocrx_word' id='word_1_57' title='bbox 288 1310 373 1371; x_wconf 91' lang='lat' dir='ltr'><strong>sunt</strong></span> <span class='ocrx_word' id='word_1_58' title='bbox 399 1300 561 1387; x_wconf 83' lang='lat' dir='ltr'><strong>diversae,</strong></span> <span class='ocrx_word' id='word_1_59' title='bbox 588 1313 626 1374; x_wconf 88' lang='lat' dir='ltr'><strong>et</strong></span> <span class='ocrx_word' id='word_1_60' title='bbox 650 1327 673 1374; x_wconf 83' lang='lat' dir='ltr'><strong>a</strong></span> <span class='ocrx_word' id='word_1_61' title='bbox 698 1303 849 1397; x_wconf 87' lang='lat' dir='ltr'><strong>singulis</strong></span> <span class='ocrx_word' id='word_1_62' title='bbox 869 1304 1077 1377; x_wconf 89' lang='lat' dir='ltr'><strong>hominibus</strong></span> <span class='ocrx_word' id='word_1_63' title='bbox 1103 1305 1147 1378; x_wconf 91' lang='lat' dir='ltr'><strong>in</strong></span> <span class='ocrx_word' id='word_1_64' title='bbox 1171 1308 1340 1407; x_wconf 84' lang='lat' dir='ltr'><strong>singulus</strong></span> 
     </span>
     <span class='ocr_line' id='line_1_10' title="bbox 287 1414 1339 1517; baseline 0.012 -33"><span class='ocrx_word' id='word_1_65' title='bbox 287 1423 415 1507; x_wconf 86' lang='lat' dir='ltr'><strong>gentes</strong></span> <span class='ocrx_word' id='word_1_66' title='bbox 441 1414 624 1487; x_wconf 77' lang='lat' dir='ltr'><strong>derivatae.</strong></span> <span class='ocrx_word' id='word_1_67' title='bbox 676 1416 786 1490; x_wconf 78' lang='lat' dir='ltr'><strong>Quod</strong></span> <span class='ocrx_word' id='word_1_68' title='bbox 811 1429 933 1490; x_wconf 82' lang='lat' dir='ltr'><strong>autem</strong></span> <span class='ocrx_word' id='word_1_69' title='bbox 955 1416 1082 1490; x_wconf 88' lang='lat' dir='ltr'><strong>dicunt</strong></span> <span class='ocrx_word' id='word_1_70' title='bbox 1105 1418 1247 1517; x_wconf 81' lang='lat' dir='ltr'><strong>aliqui,</strong></span> <span class='ocrx_word' id='word_1_71' title='bbox 1274 1424 1339 1497; x_wconf 90' lang='lat' dir='ltr'><strong>im·</strong></span> 
     </span>
     <span class='ocr_line' id='line_1_11' title="bbox 286 1527 1336 1630; baseline 0.006 -32"><span class='ocrx_word' id='word_1_72' title='bbox 286 1527 405 1621; x_wconf 84' lang='lat' dir='ltr'><strong>posita</strong></span> <span class='ocrx_word' id='word_1_73' title='bbox 434 1551 512 1600; x_wconf 85' lang='lat' dir='ltr'><strong>esse</strong></span> <span class='ocrx_word' id='word_1_74' title='bbox 539 1528 690 1623; x_wconf 81' lang='lat' dir='ltr'><strong>singulis</strong></span> <span class='ocrx_word' id='word_1_75' title='bbox 717 1529 824 1600; x_wconf 83' lang='lat' dir='ltr'><strong>rebus</strong></span> <span class='ocrx_word' id='word_1_76' title='bbox 854 1530 1003 1602; x_wconf 85' lang='lat' dir='ltr'><strong>nomino</strong></span> <span class='ocrx_word' id='word_1_77' title='bbox 1025 1531 1137 1625; x_wconf 81' lang='lat' dir='ltr'><strong>juxta</strong></span> <span class='ocrx_word' id='word_1_78' title='bbox 1166 1532 1336 1630; x_wconf 83' lang='lat' dir='ltr'><strong>ipsarum</strong></span> 
     </span>
     <span class='ocr_line' id='line_1_12' title="bbox 287 1642 1336 1742; baseline 0.01 -30"><span class='ocrx_word' id='word_1_79' title='bbox 287 1664 408 1714; x_wconf 87' lang='lat' dir='ltr'><strong>rerum</strong></span> <span class='ocrx_word' id='word_1_80' title='bbox 426 1654 606 1729; x_wconf 85' lang='lat' dir='ltr'><strong>naturam,</strong></span> <span class='ocrx_word' id='word_1_81' title='bbox 623 1642 761 1738; x_wconf 76' lang='lat' dir='ltr'><strong>puerile</strong></span> <span class='ocrx_word' id='word_1_82' title='bbox 776 1654 842 1715; x_wconf 83' lang='lat' dir='ltr'><strong>est.</strong></span> <span class='ocrx_word' id='word_1_83' title='bbox 895 1644 969 1717; x_wconf 78' lang='lat' dir='ltr'><strong>Qui</strong></span> <span class='ocrx_word' id='word_1_84' title='bbox 984 1643 1081 1715; x_wconf 85' lang='lat' dir='ltr'><strong>enirn</strong></span> <span class='ocrx_word' id='word_1_85' title='bbox 1094 1644 1182 1719; x_wconf 87' lang='lat' dir='ltr'><strong>fieri</strong></span> <span class='ocrx_word' id='word_1_86' title='bbox 1196 1649 1336 1742; x_wconf 90' lang='lat' dir='ltr'><strong>potuit,</strong></span> 
     </span>
     <span class='ocr_line' id='line_1_13' title="bbox 288 1756 1335 1850; baseline 0.012 -27"><span class='ocrx_word' id='word_1_87' title='bbox 288 1777 371 1825; x_wconf 87' lang='lat' dir='ltr'><strong>oum</strong></span> <span class='ocrx_word' id='word_1_88' title='bbox 396 1780 470 1827; x_wconf 86' lang='lat' dir='ltr'><strong>una</strong></span> <span class='ocrx_word' id='word_1_89' title='bbox 495 1756 542 1828; x_wconf 90' lang='lat' dir='ltr'><strong>sit</strong></span> <span class='ocrx_word' id='word_1_90' title='bbox 566 1757 701 1850; x_wconf 89' lang='lat' dir='ltr'><strong>ubique</strong></span> <span class='ocrx_word' id='word_1_91' title='bbox 719 1769 848 1828; x_wconf 84' lang='lat' dir='ltr'><strong>natura</strong></span> <span class='ocrx_word' id='word_1_92' title='bbox 865 1780 998 1845; x_wconf 88' lang='lat' dir='ltr'><strong>rerum,</strong></span> <span class='ocrx_word' id='word_1_93' title='bbox 1026 1756 1186 1833; x_wconf 87' lang='lat' dir='ltr'><strong>diversae</strong></span> <span class='ocrx_word' id='word_1_94' title='bbox 1205 1772 1335 1835; x_wconf 89' lang='lat' dir='ltr'><strong>tamen</strong></span> 
     </span>
     <span class='ocr_line' id='line_1_14' title="bbox 288 1868 1334 1964; baseline 0.011 -25"><span class='ocrx_word' id='word_1_95' title='bbox 288 1878 409 1940; x_wconf 86' lang='lat' dir='ltr'><strong>essent</strong></span> <span class='ocrx_word' id='word_1_96' title='bbox 434 1868 595 1964; x_wconf 79' lang='lat' dir='ltr'><strong>lingnae?</strong></span> <span class='ocrx_word' id='word_1_97' title='bbox 647 1869 694 1942; x_wconf 88' lang='lat' dir='ltr'><strong>Et</strong></span> <span class='ocrx_word' id='word_1_98' title='bbox 719 1869 807 1964; x_wconf 91' lang='lat' dir='ltr'><strong>quid</strong></span> <span class='ocrx_word' id='word_1_99' title='bbox 831 1870 942 1943; x_wconf 85' lang='lat' dir='ltr'><strong>habet</strong></span> <span class='ocrx_word' id='word_1_100' title='bbox 967 1871 1074 1942; x_wconf 86' lang='lat' dir='ltr'><strong>affine</strong></span> <span class='ocrx_word' id='word_1_101' title='bbox 1098 1896 1187 1962; x_wconf 78' lang='lat' dir='ltr'><strong>vox,</strong></span> <span class='ocrx_word' id='word_1_102' title='bbox 1217 1874 1264 1948; x_wconf 93' lang='lat' dir='ltr'><strong>id</strong></span> <span class='ocrx_word' id='word_1_103' title='bbox 1279 1890 1334 1949; x_wconf 85' lang='lat' dir='ltr'><strong>est</strong></span> 
     </span>
     <span class='ocr_line' id='line_1_15' title="bbox 288 1982 986 2079; baseline 0.007 -29"><span class='ocrx_word' id='word_1_104' title='bbox 288 2004 409 2068; x_wconf 89' lang='lat' dir='ltr'><strong>sonus,</strong></span> <span class='ocrx_word' id='word_1_105' title='bbox 427 1993 465 2052; x_wconf 87' lang='lat' dir='ltr'><strong>et</strong></span> <span class='ocrx_word' id='word_1_106' title='bbox 481 1982 626 2070; x_wconf 82' lang='lat' dir='ltr'><strong>animal,</strong></span> <span class='ocrx_word' id='word_1_107' title='bbox 645 1983 742 2078; x_wconf 91' lang='lat' dir='ltr'><strong>quod</strong></span> <span class='ocrx_word' id='word_1_108' title='bbox 759 1994 814 2055; x_wconf 88' lang='lat' dir='ltr'><strong>est</strong></span> <span class='ocrx_word' id='word_1_109' title='bbox 831 1983 986 2079; x_wconf 83' lang='lat' dir='ltr'><strong>corpus?</strong></span> 
     </span>
    </p>

    <p class='ocr_par' dir='ltr' id='par_1_4' title="bbox 122 2094 1333 2195">
     <span class='ocr_line' id='line_1_16' title="bbox 122 2094 1333 2195; baseline 0.009 -31"><span class='ocrx_word' id='word_1_110' title='bbox 122 2111 231 2154; x_wconf 68' lang='lat' dir='ltr'><strong>semonia</strong></span> <span class='ocrx_word' id='word_1_111' title='bbox 339 2103 373 2165; x_wconf 88' lang='lat'><strong>3.</strong></span> <span class='ocrx_word' id='word_1_112' title='bbox 400 2094 456 2165; x_wconf 82' lang='lat' dir='ltr'><strong>Ab</strong></span> <span class='ocrx_word' id='word_1_113' title='bbox 480 2096 644 2168; x_wconf 84' lang='lat' dir='ltr'><strong>oratione</strong></span> <span class='ocrx_word' id='word_1_114' title='bbox 665 2120 746 2191; x_wconf 88' lang='lat' dir='ltr'><strong>quae</strong></span> <span class='ocrx_word' id='word_1_115' title='bbox 769 2097 986 2191; x_wconf 81' lang='lat' dir='ltr'><strong>contingunt</strong></span> <span class='ocrx_word' id='word_1_116' title='bbox 1003 2096 1215 2187; x_wconf 85' lang='lat' dir='ltr'><strong>commoda,</strong></span> <span class='ocrx_word' id='word_1_117' title='bbox 1233 2124 1333 2195; x_wconf 76' lang='lat' dir='ltr'><strong>prm·</strong></span> 
     </span>
    </p>

    <p class='ocr_par' dir='ltr' id='par_1_5' title="bbox 120 2176 1331 4228">
     <span class='ocr_line' id='line_1_17' title="bbox 120 2176 1331 2305; baseline 0.008 -28"><span class='ocrx_word' id='word_1_118' title='bbox 120 2176 261 2286; x_wconf 58' lang='lat' dir='ltr'><strong>fflnl</strong></span> <span class='ocrx_word' id='word_1_119' title='bbox 289 2206 397 2302; x_wconf 85' lang='lat' dir='ltr'><strong>cipua</strong></span> <span class='ocrx_word' id='word_1_120' title='bbox 418 2208 497 2279; x_wconf 85' lang='lat' dir='ltr'><strong>haee</strong></span> <span class='ocrx_word' id='word_1_121' title='bbox 520 2222 614 2281; x_wconf 86' lang='lat' dir='ltr'><strong>sunt.</strong></span> <span class='ocrx_word' id='word_1_122' title='bbox 668 2209 800 2297; x_wconf 88' lang='lat' dir='ltr'><strong>Prim0‚</strong></span> <span class='ocrx_word' id='word_1_123' title='bbox 824 2209 921 2304; x_wconf 90' lang='lat' dir='ltr'><strong>quod</strong></span> <span class='ocrx_word' id='word_1_124' title='bbox 946 2233 1015 2305; x_wconf 86' lang='lat' dir='ltr'><strong>ope</strong></span> <span class='ocrx_word' id='word_1_125' title='bbox 1038 2209 1234 2284; x_wconf 88' lang='lat' dir='ltr'><strong>nominum</strong></span> <span class='ocrx_word' id='word_1_126' title='bbox 1260 2237 1331 2287; x_wconf 91' lang='lat' dir='ltr'><strong>nu-</strong></span> 
     </span>
     <span class='ocr_line' id='line_1_18' title="bbox 287 2320 1330 2417; baseline 0.008 -26"><span class='ocrx_word' id='word_1_127' title='bbox 287 2320 476 2393; x_wconf 86' lang='lat' dir='ltr'><strong>meralium</strong></span> <span class='ocrx_word' id='word_1_128' title='bbox 486 2322 595 2393; x_wconf 90' lang='lat' dir='ltr'><strong>homo</strong></span> <span class='ocrx_word' id='word_1_129' title='bbox 606 2322 720 2417; x_wconf 87' lang='lat' dir='ltr'><strong>possit</strong></span> <span class='ocrx_word' id='word_1_130' title='bbox 733 2345 923 2394; x_wconf 87' lang='lat' dir='ltr'><strong>numerare</strong></span> <span class='ocrx_word' id='word_1_131' title='bbox 935 2345 1011 2394; x_wconf 91' lang='lat' dir='ltr'><strong>non</strong></span> <span class='ocrx_word' id='word_1_132' title='bbox 1021 2320 1131 2393; x_wconf 92' lang='lat' dir='ltr'><strong>modo</strong></span> <span class='ocrx_word' id='word_1_133' title='bbox 1141 2324 1330 2417; x_wconf 74' lang='lat' dir='ltr'><strong>unitates,</strong></span> 
     </span>
     <span class='ocr_line' id='line_1_19' title="bbox 288 2434 1328 2535; baseline 0.006 -30"><span class='ocrx_word' id='word_1_134' title='bbox 288 2434 488 2506; x_wconf 85' lang='lat' dir='ltr'><strong>sedetiam</strong></span> <span class='ocrx_word' id='word_1_135' title='bbox 516 2458 601 2523; x_wconf 81' lang='lat' dir='ltr'><strong>unu,</strong></span> <span class='ocrx_word' id='word_1_136' title='bbox 630 2458 855 2529; x_wconf 86' lang='lat' dir='ltr'><strong>qnaecunque</strong></span> <span class='ocrx_word' id='word_1_137' title='bbox 881 2459 924 2506; x_wconf 85' lang='lat' dir='ltr'><strong>ea</strong></span> <span class='ocrx_word' id='word_1_138' title='bbox 951 2448 1057 2518; x_wconf 89' lang='lat' dir='ltr'><strong>sunt;</strong></span> <span class='ocrx_word' id='word_1_139' title='bbox 1082 2445 1125 2508; x_wconf 89' lang='lat' dir='ltr'><strong>ut</strong></span> <span class='ocrx_word' id='word_1_140' title='bbox 1152 2459 1328 2535; x_wconf 87' lang='lat' dir='ltr'><strong>corpora,</strong></span> 
     </span>
     <span class='ocr_line' id='line_1_20' title="bbox 286 2546 1328 2643; baseline 0.008 -26"><span class='ocrx_word' id='word_1_141' title='bbox 286 2559 465 2642; x_wconf 87' lang='lat' dir='ltr'><strong>quatenus</strong></span> <span class='ocrx_word' id='word_1_142' title='bbox 488 2559 572 2620; x_wconf 89' lang='lat' dir='ltr'><strong>sunt</strong></span> <span class='ocrx_word' id='word_1_143' title='bbox 595 2548 669 2619; x_wconf 91' lang='lat' dir='ltr'><strong>ullo</strong></span> <span class='ocrx_word' id='word_1_144' title='bbox 693 2548 800 2620; x_wconf 89' lang='lat' dir='ltr'><strong>modo</strong></span> <span class='ocrx_word' id='word_1_145' title='bbox 828 2560 975 2643; x_wconf 84' lang='lat' dir='ltr'><strong>quauta,</strong></span> <span class='ocrx_word' id='word_1_146' title='bbox 999 2548 1074 2621; x_wconf 87' lang='lat' dir='ltr'><strong>sive</strong></span> <span class='ocrx_word' id='word_1_147' title='bbox 1095 2546 1221 2643; x_wconf 81' lang='lat' dir='ltr'><strong>longa,</strong></span> <span class='ocrx_word' id='word_1_148' title='bbox 1248 2550 1328 2625; x_wconf 87' lang='lat' dir='ltr'><strong>sive</strong></span> 
     </span>
     <span class='ocr_line' id='line_1_21' title="bbox 286 2659 1328 2759; baseline 0.006 -27"><span class='ocrx_word' id='word_1_149' title='bbox 286 2659 397 2755; x_wconf 86' lang='lat' dir='ltr'><strong>longa</strong></span> <span class='ocrx_word' id='word_1_150' title='bbox 413 2672 449 2733; x_wconf 88' lang='lat' dir='ltr'><strong>et</strong></span> <span class='ocrx_word' id='word_1_151' title='bbox 472 2661 557 2748; x_wconf 83' lang='lat' dir='ltr'><strong>lata,</strong></span> <span class='ocrx_word' id='word_1_152' title='bbox 583 2661 657 2731; x_wconf 89' lang='lat' dir='ltr'><strong>sive</strong></span> <span class='ocrx_word' id='word_1_153' title='bbox 678 2660 787 2755; x_wconf 85' lang='lat' dir='ltr'><strong>longa</strong></span> <span class='ocrx_word' id='word_1_154' title='bbox 804 2661 878 2735; x_wconf 83' lang='lat' dir='ltr'><strong>lata</strong></span> <span class='ocrx_word' id='word_1_155' title='bbox 895 2672 932 2733; x_wconf 87' lang='lat' dir='ltr'><strong>et</strong></span> <span class='ocrx_word' id='word_1_156' title='bbox 950 2684 1090 2743; x_wconf 85' lang='lat' dir='ltr'><strong>crassa;</strong></span> <span class='ocrx_word' id='word_1_157' title='bbox 1116 2659 1328 2759; x_wconf 82' lang='lat' dir='ltr'><strong>eademque</strong></span> 
     </span>
     <span class='ocr_line' id='line_1_22' title="bbox 286 2773 1325 2870; baseline 0.008 -27"><span class='ocrx_word' id='word_1_158' title='bbox 286 2796 515 2867; x_wconf 85' lang='lat' dir='ltr'><strong>componere,</strong></span> <span class='ocrx_word' id='word_1_159' title='bbox 541 2774 717 2862; x_wconf 87' lang='lat' dir='ltr'><strong>minuere,</strong></span> <span class='ocrx_word' id='word_1_160' title='bbox 746 2788 782 2846; x_wconf 87' lang='lat' dir='ltr'><strong>et</strong></span> <span class='ocrx_word' id='word_1_161' title='bbox 804 2799 869 2870; x_wconf 85' lang='lat' dir='ltr'><strong>per</strong></span> <span class='ocrx_word' id='word_1_162' title='bbox 886 2797 1057 2847; x_wconf 89' lang='lat' dir='ltr'><strong>numeros</strong></span> <span class='ocrx_word' id='word_1_163' title='bbox 1075 2773 1325 2870; x_wconf 84' lang='lat' dir='ltr'><strong>multiplicare</strong></span> 
     </span>
     <span class='ocr_line' id='line_1_23' title="bbox 286 2885 1323 2984; baseline 0.003 -27"><span class='ocrx_word' id='word_1_164' title='bbox 286 2895 323 2957; x_wconf 80' lang='lat' dir='ltr'><strong>et</strong></span> <span class='ocrx_word' id='word_1_165' title='bbox 340 2885 513 2976; x_wconf 84' lang='lat' dir='ltr'><strong>dividere,</strong></span> <span class='ocrx_word' id='word_1_166' title='bbox 527 2899 565 2960; x_wconf 90' lang='lat' dir='ltr'><strong>et</strong></span> <span class='ocrx_word' id='word_1_167' title='bbox 582 2887 680 2959; x_wconf 87' lang='lat' dir='ltr'><strong>inter</strong></span> <span class='ocrx_word' id='word_1_168' title='bbox 697 2910 734 2959; x_wconf 85' lang='lat' dir='ltr'><strong>se</strong></span> <span class='ocrx_word' id='word_1_169' title='bbox 753 2911 962 2983; x_wconf 86' lang='lat' dir='ltr'><strong>comparare</strong></span> <span class='ocrx_word' id='word_1_170' title='bbox 976 2920 984 2972; x_wconf 93' lang='lat'>;</span> <span class='ocrx_word' id='word_1_171' title='bbox 1011 2888 1123 2960; x_wconf 84' lang='lat' dir='ltr'><strong>etiam</strong></span> <span class='ocrx_word' id='word_1_172' title='bbox 1139 2897 1323 2984; x_wconf 81' lang='lat' dir='ltr'><strong>tempora,</strong></span> 
     </span>
     <span class='ocr_line' id='line_1_24' title="bbox 285 2999 1322 3096; baseline 0.005 -26"><span class='ocrx_word' id='word_1_173' title='bbox 285 3010 436 3089; x_wconf 89' lang='lat' dir='ltr'><strong>motum,</strong></span> <span class='ocrx_word' id='word_1_174' title='bbox 463 2999 636 3096; x_wconf 87' lang='lat' dir='ltr'><strong>pondera,</strong></span> <span class='ocrx_word' id='word_1_175' title='bbox 663 3001 763 3073; x_wconf 88' lang='lat' dir='ltr'><strong>etin</strong></span> <span class='ocrx_word' id='word_1_176' title='bbox 790 3001 1023 3095; x_wconf 84' lang='lat' dir='ltr'><strong>qualitatibus</strong></span> <span class='ocrx_word' id='word_1_177' title='bbox 1043 3001 1180 3096; x_wconf 83' lang='lat' dir='ltr'><strong>gradus</strong></span> <span class='ocrx_word' id='word_1_178' title='bbox 1197 3000 1322 3076; x_wconf 84' lang='lat' dir='ltr'><strong>inten-</strong></span> 
     </span>
     <span class='ocr_line' id='line_1_25' title="bbox 286 3113 1323 3211; baseline 0.003 -26"><span class='ocrx_word' id='word_1_179' title='bbox 286 3113 397 3187; x_wconf 88' lang='lat' dir='ltr'><strong>sionis</strong></span> <span class='ocrx_word' id='word_1_180' title='bbox 420 3126 456 3187; x_wconf 89' lang='lat' dir='ltr'><strong>et</strong></span> <span class='ocrx_word' id='word_1_181' title='bbox 477 3115 698 3187; x_wconf 87' lang='lat' dir='ltr'><strong>remissionis</strong></span> <span class='ocrx_word' id='word_1_182' title='bbox 716 3115 855 3187; x_wconf 83' lang='lat' dir='ltr'><strong>calculo</strong></span> <span class='ocrx_word' id='word_1_183' title='bbox 873 3115 1063 3211; x_wconf 84' lang='lat' dir='ltr'><strong>subjicere.</strong></span> <span class='ocrx_word' id='word_1_184' title='bbox 1115 3114 1170 3187; x_wconf 81' lang='lat' dir='ltr'><strong>Ex</strong></span> <span class='ocrx_word' id='word_1_185' title='bbox 1187 3114 1323 3210; x_wconf 88' lang='lat' dir='ltr'><strong>quibus</strong></span> 
     </span>
     <span class='ocr_line' id='line_1_26' title="bbox 285 3227 1321 3324; baseline 0.005 -28"><span class='ocrx_word' id='word_1_186' title='bbox 285 3227 392 3300; x_wconf 89' lang='lat' dir='ltr'><strong>rebus</strong></span> <span class='ocrx_word' id='word_1_187' title='bbox 410 3229 493 3300; x_wconf 87' lang='lat' dir='ltr'><strong>vitae</strong></span> <span class='ocrx_word' id='word_1_188' title='bbox 510 3229 689 3317; x_wconf 89' lang='lat' dir='ltr'><strong>humanae,</strong></span> <span class='ocrx_word' id='word_1_189' title='bbox 708 3253 817 3324; x_wconf 87' lang='lat' dir='ltr'><strong>supra</strong></span> <span class='ocrx_word' id='word_1_190' title='bbox 835 3228 1083 3300; x_wconf 84' lang='lat' dir='ltr'><strong>conditionem</strong></span> <span class='ocrx_word' id='word_1_191' title='bbox 1101 3238 1321 3301; x_wconf 88' lang='lat' dir='ltr'><strong>eaeterorum</strong></span> 
     </span>
     <span class='ocr_line' id='line_1_27' title="bbox 283 3341 1321 3437; baseline 0.003 -25"><span class='ocrx_word' id='word_1_192' title='bbox 283 3341 506 3430; x_wconf 85' lang='lat' dir='ltr'><strong>animalium,</strong></span> <span class='ocrx_word' id='word_1_193' title='bbox 536 3341 700 3437; x_wconf 83' lang='lat' dir='ltr'><strong>ingentia</strong></span> <span class='ocrx_word' id='word_1_194' title='bbox 725 3341 917 3413; x_wconf 85' lang='lat' dir='ltr'><strong>commoda</strong></span> <span class='ocrx_word' id='word_1_195' title='bbox 941 3342 1119 3413; x_wconf 89' lang='lat' dir='ltr'><strong>oriuntur.</strong></span> <span class='ocrx_word' id='word_1_196' title='bbox 1170 3341 1321 3415; x_wconf 87' lang='lat' dir='ltr'><strong>Artium</strong></span> 
     </span>
     <span class='ocr_line' id='line_1_28' title="bbox 284 3452 1322 3549; baseline 0.002 -22"><span class='ocrx_word' id='word_1_197' title='bbox 284 3456 381 3527; x_wconf 83' lang='lat' dir='ltr'><strong>enirn</strong></span> <span class='ocrx_word' id='word_1_198' title='bbox 406 3456 536 3527; x_wconf 85' lang='lat' dir='ltr'><strong>harum</strong></span> <span class='ocrx_word' id='word_1_199' title='bbox 561 3479 649 3526; x_wconf 89' lang='lat' dir='ltr'><strong>usus</strong></span> <span class='ocrx_word' id='word_1_200' title='bbox 666 3467 825 3549; x_wconf 86' lang='lat' dir='ltr'><strong>quantus</strong></span> <span class='ocrx_word' id='word_1_201' title='bbox 846 3455 894 3526; x_wconf 87' lang='lat' dir='ltr'><strong>sit</strong></span> <span class='ocrx_word' id='word_1_202' title='bbox 911 3454 948 3526; x_wconf 93' lang='lat' dir='ltr'><strong>in</strong></span> <span class='ocrx_word' id='word_1_203' title='bbox 966 3452 1218 3526; x_wconf 82' lang='lat' dir='ltr'><strong>mensurandis</strong></span> <span class='ocrx_word' id='word_1_204' title='bbox 1236 3478 1322 3528; x_wconf 88' lang='lat' dir='ltr'><strong>cor-</strong></span> 
     </span>
     <span class='ocr_line' id='line_1_29' title="bbox 283 3566 1322 3665; baseline -0.001 -23"><span class='ocrx_word' id='word_1_205' title='bbox 283 3571 442 3665; x_wconf 87' lang='lat' dir='ltr'><strong>poribus,</strong></span> <span class='ocrx_word' id='word_1_206' title='bbox 462 3570 499 3640; x_wconf 94' lang='lat' dir='ltr'><strong>in</strong></span> <span class='ocrx_word' id='word_1_207' title='bbox 517 3567 656 3641; x_wconf 83' lang='lat' dir='ltr'><strong>calculo</strong></span> <span class='ocrx_word' id='word_1_208' title='bbox 670 3579 887 3663; x_wconf 88' lang='lat' dir='ltr'><strong>temporum,</strong></span> <span class='ocrx_word' id='word_1_209' title='bbox 901 3568 939 3639; x_wconf 92' lang='lat' dir='ltr'><strong>in</strong></span> <span class='ocrx_word' id='word_1_210' title='bbox 953 3566 1227 3663; x_wconf 84' lang='lat' dir='ltr'><strong>computatione</strong></span> <span class='ocrx_word' id='word_1_211' title='bbox 1239 3589 1322 3641; x_wconf 90' lang='lat' dir='ltr'><strong>mo-</strong></span> 
     </span>
     <span class='ocr_line' id='line_1_30' title="bbox 283 3676 1322 3774; baseline 0 -20"><span class='ocrx_word' id='word_1_212' title='bbox 283 3694 387 3754; x_wconf 91' lang='lat' dir='ltr'><strong>tuum</strong></span> <span class='ocrx_word' id='word_1_213' title='bbox 406 3682 619 3769; x_wconf 85' lang='lat' dir='ltr'><strong>coelestium,</strong></span> <span class='ocrx_word' id='word_1_214' title='bbox 645 3682 683 3752; x_wconf 92' lang='lat' dir='ltr'><strong>in</strong></span> <span class='ocrx_word' id='word_1_215' title='bbox 697 3680 795 3752; x_wconf 90' lang='lat' dir='ltr'><strong>orbis</strong></span> <span class='ocrx_word' id='word_1_216' title='bbox 813 3692 993 3752; x_wconf 85' lang='lat' dir='ltr'><strong>terrarum</strong></span> <span class='ocrx_word' id='word_1_217' title='bbox 1007 3676 1265 3774; x_wconf 88' lang='lat' dir='ltr'><strong>descriptione,</strong></span> <span class='ocrx_word' id='word_1_218' title='bbox 1280 3680 1322 3754; x_wconf 93' lang='lat' dir='ltr'><strong>iu</strong></span> 
     </span>
     <span class='ocr_line' id='line_1_31' title="bbox 282 3790 1322 3890; baseline 0.001 -23"><span class='ocrx_word' id='word_1_219' title='bbox 282 3794 587 3890; x_wconf 60' lang='lat' dir='ltr'><strong>navigationibus,</strong></span> <span class='ocrx_word' id='word_1_220' title='bbox 624 3793 662 3864; x_wconf 90' lang='lat' dir='ltr'><strong>in</strong></span> <span class='ocrx_word' id='word_1_221' title='bbox 692 3792 867 3881; x_wconf 85' lang='lat' dir='ltr'><strong>aedificiis,</strong></span> <span class='ocrx_word' id='word_1_222' title='bbox 898 3792 936 3864; x_wconf 92' lang='lat' dir='ltr'><strong>in</strong></span> <span class='ocrx_word' id='word_1_223' title='bbox 961 3791 1138 3865; x_wconf 86' lang='lat' dir='ltr'><strong>machinis</strong></span> <span class='ocrx_word' id='word_1_224' title='bbox 1163 3790 1322 3888; x_wconf 87' lang='lat' dir='ltr'><strong>aliisque</strong></span> 
     </span>
     <span class='ocr_line' id='line_1_32' title="bbox 284 3905 1324 4001; baseline 0.002 -22"><span class='ocrx_word' id='word_1_225' title='bbox 284 3908 392 3980; x_wconf 89' lang='lat' dir='ltr'><strong>rebus</strong></span> <span class='ocrx_word' id='word_1_226' title='bbox 406 3906 631 3995; x_wconf 81' lang='lat' dir='ltr'><strong>necessariis,</strong></span> <span class='ocrx_word' id='word_1_227' title='bbox 646 3930 753 3979; x_wconf 86' lang='lat' dir='ltr'><strong>nemo</strong></span> <span class='ocrx_word' id='word_1_228' title='bbox 767 3916 822 3978; x_wconf 89' lang='lat' dir='ltr'><strong>est</strong></span> <span class='ocrx_word' id='word_1_229' title='bbox 835 3906 896 4001; x_wconf 92' lang='lat' dir='ltr'><strong>qui</strong></span> <span class='ocrx_word' id='word_1_230' title='bbox 909 3907 1037 3978; x_wconf 87' lang='lat' dir='ltr'><strong>nescit.</strong></span> <span class='ocrx_word' id='word_1_231' title='bbox 1083 3906 1176 3980; x_wconf 77' lang='lat' dir='ltr'><strong>Quae</strong></span> <span class='ocrx_word' id='word_1_232' title='bbox 1193 3905 1324 3981; x_wconf 81' lang='lat' dir='ltr'><strong>omnia</strong></span> 
     </span>
     <span class='ocr_line' id='line_1_33' title="bbox 284 4022 1322 4117; baseline 0 -23"><span class='ocrx_word' id='word_1_233' title='bbox 284 4045 306 4094; x_wconf 87' lang='lat' dir='ltr'><strong>a</strong></span> <span class='ocrx_word' id='word_1_234' title='bbox 340 4022 592 4094; x_wconf 82' lang='lat' dir='ltr'><strong>numeratione</strong></span> <span class='ocrx_word' id='word_1_235' title='bbox 622 4022 915 4117; x_wconf 84' lang='lat' dir='ltr'><strong>proficiscuntur,</strong></span> <span class='ocrx_word' id='word_1_236' title='bbox 947 4045 969 4092; x_wconf 89' lang='lat' dir='ltr'><strong>a</strong></span> <span class='ocrx_word' id='word_1_237' title='bbox 997 4042 1164 4093; x_wconf 86' lang='lat' dir='ltr'><strong>sermone</strong></span> <span class='ocrx_word' id='word_1_238' title='bbox 1194 4030 1322 4094; x_wconf 86' lang='lat' dir='ltr'><strong>autem</strong></span> 
     </span>
     <span class='ocr_line' id='line_1_34' title="bbox 282 4130 1321 4228; baseline 0.001 -23"><span class='ocrx_word' id='word_1_239' title='bbox 282 4134 497 4207; x_wconf 88' lang='lat' dir='ltr'><strong>numeratio.</strong></span> <span class='ocrx_word' id='word_1_240' title='bbox 551 4133 729 4221; x_wconf 86' lang='lat' dir='ltr'><strong>Secundo,</strong></span> <span class='ocrx_word' id='word_1_241' title='bbox 753 4132 851 4228; x_wconf 90' lang='lat' dir='ltr'><strong>quod</strong></span> <span class='ocrx_word' id='word_1_242' title='bbox 876 4132 968 4204; x_wconf 88' lang='lat' dir='ltr'><strong>alter</strong></span> <span class='ocrx_word' id='word_1_243' title='bbox 994 4132 1150 4205; x_wconf 84' lang='lat' dir='ltr'><strong>alterum</strong></span> <span class='ocrx_word' id='word_1_244' title='bbox 1171 4130 1321 4223; x_wconf 83' lang='lat' dir='ltr'><strong>docere,</strong></span> 
     </span>
    </p>
   </div>
   <div class='ocr_carea' id='block_1_3' title="bbox 283 4246 1321 4342">
    <p class='ocr_par' dir='ltr' id='par_1_6' title="bbox 283 4246 1321 4342">
     <span class='ocr_line' id='line_1_35' title="bbox 283 4246 1321 4342; baseline 0.002 -23"><span class='ocrx_word' id='word_1_245' title='bbox 283 4246 322 4319; x_wconf 94' lang='lat' dir='ltr'><strong>id</strong></span> <span class='ocrx_word' id='word_1_246' title='bbox 344 4258 411 4336; x_wconf 88' lang='lat' dir='ltr'><strong>est,</strong></span> <span class='ocrx_word' id='word_1_247' title='bbox 434 4249 622 4320; x_wconf 87' lang='lat' dir='ltr'><strong>scientiam</strong></span> <span class='ocrx_word' id='word_1_248' title='bbox 646 4272 749 4321; x_wconf 88' lang='lat' dir='ltr'><strong>suam</strong></span> <span class='ocrx_word' id='word_1_249' title='bbox 775 4246 879 4319; x_wconf 87' lang='lat' dir='ltr'><strong>alteri</strong></span> <span class='ocrx_word' id='word_1_250' title='bbox 907 4246 1187 4333; x_wconf 79' lang='lat' dir='ltr'><strong>communicare,</strong></span> <span class='ocrx_word' id='word_1_251' title='bbox 1218 4247 1321 4342; x_wconf 87' lang='lat' dir='ltr'><strong>quod</strong></span> 
     </span>
    </p>
   </div>
   <div class='ocr_carea' id='block_1_4' title="bbox 0 0 1474 4980">
    <p class='ocr_par' dir='ltr' id='par_1_7' title="bbox 0 0 1474 4980">
     <span class='ocr_line' id='line_1_36' title="bbox 0 0 1474 4980; baseline 0 3"><span class='ocrx_word' id='word_1_252' title='bbox 0 0 1474 4980; x_wconf 95' lang='lat' dir='ltr'><strong> </strong></span> 
     </span>
    </p>
   </div>
  </div>
 </body>
</html>
