2940 4980
681 328 734 379 DE
755 328 936 379 nomint.

699 836 863 910 CAPUT
888 837 936 909 X.

517 1021 569 1071 DE
598 1021 795 1072 SERMONE
824 1021 874 1071 ΕΤ
902 1019 1124 1071 sclunrtls.

308 1165 332 1219 l.
353 1158 452 1219 Sermo
475 1160 623 1229 definitus;
644 1160 751 1217 bomini
776 1162 916 1236 proprius.
955 1164 983 1219 ‘L
1005 1160 1155 1219 Sermonis
1187 1164 1290 1241 origo.
1330 1168 1359 1225 3.

344 1250 487 1311 Sermonis
500 1253 649 1311 commoda
662 1262 691 1311 et
704 1253 892 1310 incommoda.
932 1257 961 1311 4.
983 1252 1109 1311 Scientia
1118 1262 1152 1311 et
1167 1254 1358 1315 demonstra·

343 1345 383 1401 tio
396 1348 526 1402 oriuntur
539 1364 574 1401 cx
588 1346 749 1421 cognitione
769 1363 928 1403 causarum.
968 1349 997 1403 5.
1017 1344 1220 1411 Theoremata
1233 1348 1358 1405 demon·

342 1437 468 1493 strabilia
490 1447 557 1494 sunt
579 1438 608 1492 in
631 1438 664 1493 iia
685 1446 795 1493 tanturn
820 1437 905 1493 rebus
928 1454 1049 1511 quarum
1070 1454 1169 1493 causae
1194 1439 1228 1495 in
1253 1448 1358 1497 nostn

344 1538 481 1603 potestate
500 1538 585 1595 sunt;
604 1529 632 1585 in
647 1530 756 1586 coteris
779 1538 890 1585 tantum
911 1526 1131 1585 demonstrabile
1152 1540 1205 1587 cst
1229 1531 1274 1589 ita
1293 1550 1358 1589 ease

343 1640 433 1696 posse.

119 1762 264 1813 secun.
310 1748 340 1810 l.
369 1739 512 1811 Sanno
541 1738 616 1810 sive
643 1737 759 1810 oratio
787 1747 843 1809 est
867 1737 1127 1810 vocabulorum
1145 1750 1355 1813 contextus

123 1840 266 1943 „IL
306 1851 455 1924 arbitrio
473 1852 660 1923 hominum
678 1851 972 1938 constitutorum,
991 1850 1039 1922 od
1060 1850 1352 1946 significandam

99 1980 294 2057 brontontas
307 1964 435 2035 seriem
453 1974 696 2058 conceptuum
711 1987 837 2035 earum
854 1986 976 2034 rerum
1003 1986 1093 2057 quas
1121 1963 1352 2058 cogitamus.

97 2044 294 2103 mmm
307 2077 434 2171 Itaque
451 2088 493 2147 ut
509 2075 726 2148 vocabulum
744 2088 799 2146 est
816 2074 863 2146 ad
885 2074 1004 2146 ideam
1021 2074 1096 2146 sive
1119 2090 1351 2173 conceptum

308 2190 414 2261 unius
432 2188 495 2276 rei,
513 2188 565 2260 ita
592 2202 646 2261 est
673 2212 791 2262 sermo
820 2188 866 2260 ad
894 2188 1097 2260 discursum
1114 2187 1243 2262 animi.
1298 2192 1351 2264 Et

306 2302 449 2375 videtur
465 2301 603 2373 homini
630 2301 797 2397 proprius
824 2325 913 2373 esse.
965 2302 1059 2373 Nam
1078 2300 1146 2372 etsi
1164 2304 1350 2377 nonnulla

308 2414 477 2487 animalia
492 2416 601 2487 bruta
618 2414 841 2509 concipiunt,
855 2437 923 2485 usu
940 2414 1059 2503 docta,
1078 2437 1122 2485 ea
1139 2437 1223 2509 quae
1241 2418 1349 2490 volu-

308 2552 387 2600 mus
411 2539 448 2600 et
476 2527 706 2624 imperamus,
734 2539 885 2624 propter
912 2529 1034 2617 verba,
1052 2550 1127 2600 non
1150 2540 1279 2604 tamen
1305 2530 1347 2603 id

308 2640 447 2713 faciunt
462 2653 612 2738 propter
628 2642 740 2717 verba
752 2652 932 2737 quatenus
945 2642 1067 2728 verba,
1083 2640 1147 2713 sed
1157 2656 1346 2737 quatenus

309 2754 413 2849 signa
430 2766 535 2838 sunt;
562 2780 647 2828 nam
664 2754 711 2827 ad
729 2779 838 2850 quam
856 2779 932 2827 rem
950 2754 1225 2851 significandam
1242 2756 1345 2830 arbi-

308 2868 379 2939 trio
397 2867 584 2941 hominum
601 2868 800 2941 constituta
822 2879 918 2956 sunt,
937 2868 1114 2941 nesciunt.

359 2981 583 3077 Significatio
601 2995 735 3071 autern,
754 3006 835 3078 quae
861 2983 903 3054 fit
927 3005 994 3078 per
1017 3005 1143 3053 vocem
1167 2980 1278 3055 unius
1295 2982 1345 3057 ad

308 3093 462 3167 alterum
487 3095 525 3167 in
551 3095 680 3169 eodem
708 3118 843 3190 genere
870 3094 1090 3184 animalium,
1109 3093 1190 3167 ideo
1218 3118 1346 3171 sermo

310 3231 382 3279 non
410 3217 476 3295 est,
495 3208 670 3304 quianon
687 3208 836 3281 arbitrio
863 3208 1023 3303 ipsorum
1041 3206 1106 3281 sed
1123 3208 1345 3285 necessitate

307 3333 449 3395 uaturae
479 3346 553 3395 suae
580 3347 687 3395 voces
713 3322 795 3411 illae,
819 3322 948 3418 quibus
975 3346 1067 3417 spes,
1094 3332 1225 3410 metus,
1248 3346 1345 3417 gnu-

308 3433 420 3523 dium,
456 3444 538 3524 etc.‚
573 3434 836 3529 significantur,
871 3435 916 3507 ab
951 3434 1037 3530 ipsis
1058 3434 1289 3530 passionibus
1304 3436 1345 3509 vi

309 3548 572 3642 exprimuntur.
624 3547 682 3619 Fit
712 3548 834 3643 itaque
863 3545 1153 3636 inanimalibus,
1183 3570 1344 3642 quorum

307 3661 455 3734 vocibus
485 3661 672 3733 minimam
696 3661 876 3757 contingit
902 3660 1018 3733 inesse
1044 3660 1269 3749 uarietatem,
1297 3674 1344 3735 ut

307 3773 421 3847 altera
437 3774 483 3847 ab
501 3773 624 3846 alteris
642 3773 854 3847 diversitate
872 3799 1002 3846 vocum
1020 3774 1058 3846 in
1075 3773 1245 3870 periculis
1261 3798 1344 3849 mo-

306 3899 463 3960 neantur
474 3900 518 3959 ut
528 3888 683 3983 fugiant,
695 3899 892 3960 evocentur
903 3888 950 3960 ad
962 3900 1119 3983 pastum,
1133 3886 1342 3963 excitentur

306 3998 353 4070 ad
380 4011 540 4090 cantum,
570 3999 800 4073 solicitentur
825 3999 872 4072 ad
901 4023 1086 4084 amorem3
1113 4024 1186 4072 non
1213 4010 1341 4075 tamen

305 4135 412 4184 voces
429 4113 499 4186 illae
527 4137 645 4186 sermo
664 4123 761 4202 sunt,
780 4138 863 4186 cum
880 4138 954 4186 non
971 4114 1159 4186 voluntate
1176 4111 1341 4208 ipsorum

305 4225 514 4300 constitutae
545 4226 630 4316 sint,
653 4226 718 4299 sed
735 4237 928 4324 erumpant
944 4227 980 4299 vi
997 4240 1138 4300 naturae
1156 4228 1343 4327 aproprio
