2940 4980
101 280 117 325 β

277 257 340 321 144
466 248 474 265 ’
572 268 786 321 rnnrsrro
807 270 862 323 sn
883 268 1125 325 ascranae.

270 476 377 549 sitam
390 498 469 546 esse
482 476 702 549 malucnmt.
740 478 949 572 Antequam
963 476 1066 550 enim
1081 476 1330 575 quaestiones
1344 474 1417 547 illius

269 627 371 699 modi
398 626 528 721 agitari
550 640 752 722 cerpenmt,
776 627 960 723 principes
981 636 1233 723 potestatem
1262 650 1418 701 summan

268 802 344 849 non
362 776 608 872 postulabant,
627 777 693 849 scd
706 779 938 851 exercebant.
992 776 1218 873 Imperium
1239 802 1350 853 suum
1363 802 1419 851 non

269 928 509 1021 argumentis,
528 928 592 999 scd
610 926 800 1002 bominum
817 928 1084 1001 sceleratorum
1118 929 1290 1026 quidem
1320 952 1418 1027 poena

268 1079 469 1174 proborum
480 1103 566 1150 vero
581 1077 793 1152 defensione
805 1081 1013 1153 tuebantur.
1041 1078 1236 1155 Vicissim
1251 1084 1351 1155 cives
1359 1082 1419 1179 jus

268 1227 387 1301 titiam
399 1254 472 1301 non
487 1229 715 1301 sermonibus
733 1229 923 1302 hominnm
933 1230 1188 1326 privatorum,
1204 1232 1281 1305 sed
1296 1232 1420 1329 legibus

269 1381 427 1454 civitatis
440 1381 687 1453 metiebantur
701 1409 709 1451 :
729 1404 797 1453 nec
811 1380 1137 1476 disputationibus,
1152 1382 1227 1457 sed
1241 1382 1283 1457 vi
1294 1380 1420 1479 imperii

268 1534 306 1605 in
319 1557 409 1629 pace
423 1532 718 1604 continebantur.
748 1533 826 1604 lmo
844 1542 1064 1626 potestatem
1076 1554 1294 1621 summam,
1308 1530 1421 1605 sivein

269 1706 343 1755 uno
361 1682 520 1769 bomine,
536 1681 613 1753 sire
630 1680 667 1751 in
692 1705 766 1753 uno
785 1681 940 1754 concilio
958 1706 1003 1753 ca
1027 1678 1232 1771 resideret,
1252 1696 1422 1779 tanquam

267 1831 496 1904 divinitatem
526 1831 709 1927 quandam
739 1832 917 1905 visibilem
944 1832 1243 1905 venerabantur.
1301 1834 1423 1929 ltaque

266 1981 470 2055 ambitiosis
487 1980 686 2075 perditisve
701 1982 910 2055 bominibus
927 1982 975 2054 ad
989 1980 1242 2055 evertendum
1263 1982 1424 2057 civitatis

266 2144 403 2207 statum
423 2131 585 2222 minime,
601 2144 642 2204 ut
660 2156 770 2221 rntne,
790 2156 828 2205 se
846 2133 1108 2229 adjungebant.
1155 2130 1267 2207 Nam
1284 2146 1333 2208 ut
1349 2158 1425 2209 eam

266 2311 356 2373 rem,
376 2308 442 2382 per
469 2308 579 2380 qnam
606 2286 919 2356 conservabantur
946 2284 1027 2380 ipsi,
1047 2296 1318 2359 conservatam
1348 2308 1425 2359 esse

265 2435 419 2521 nollent,
450 2434 489 2505 in
518 2434 683 2506 animum
711 2432 885 2506 inducere
920 2458 995 2505 non
1023 2443 1207 2528 poterant.
1269 2434 1422 2509 Scilicet

266 2588 411 2661 illorum
429 2599 637 2682 temporum
651 2585 864 2681 simplicitas
878 2597 955 2658 tam
970 2585 1117 2659 doctam
1130 2583 1337 2659 stultitiam
1349 2610 1423 2661 non

267 2739 445 2834 capiebat.
500 2738 629 2833 ltaque
653 2759 730 2832 pax
758 2748 838 2809 crat
867 2748 903 2809 et
934 2736 1098 2808 seculum
1126 2756 1300 2825 aureum,
1320 2734 1421 2833 quod

266 2914 342 2961 non
370 2901 455 2961 ante
480 2890 593 2961 finem
618 2887 748 2959 habuit
767 2912 888 2983 qnam,
908 2888 1068 2959 Saturno
1087 2884 1252 2981 expulso,
1282 2900 1419 2961 contra

266 3064 371 3137 reges
399 3064 501 3113 arma
526 3040 615 3112 ferri
642 3064 749 3136 posse
775 3039 898 3112 doceri
923 3052 1097 3134 coeperat.
1126 3038 1233 3125 Haec,
1248 3038 1415 3136 inquam,

265 3207 409 3266 veteres
427 3216 502 3264 non
521 3190 630 3262 modo
650 3189 795 3278 vidisse,
811 3190 875 3262 scd
894 3190 931 3261 in
949 3213 1023 3262 una
1040 3212 1188 3261 suarum
1200 3186 1414 3263 fabulamm

264 3345 451 3442 aptissime
469 3343 642 3415 videntur
660 3342 896 3436 significasse.
950 3339 1088 3413 Dicunt
1112 3338 1210 3411 enirn
1229 3340 1412 3431 Ixionem,

263 3521 347 3569 cum
359 3505 456 3567 esset
466 3518 488 3565 a
500 3493 522 3565 J
525 3515 592 3564 ove
606 3490 791 3564 adhibitus
807 3491 844 3562 in
856 3490 1076 3579 convivium,
1090 3490 1283 3563 adamasse
1297 3504 1412 3589 atque

263 3647 462 3719 solicitasse
480 3644 596 3739 ipsam
621 3643 816 3714 lunonem.
862 3642 919 3713 Illi
936 3666 1004 3737 pro
1023 3642 1102 3713 Dea
1119 3642 1256 3714 nubem
1274 3642 1314 3715 in
1332 3644 1413 3741 ejus

262 3799 420 3895 speciem
454 3796 650 3868 formatam
682 3794 844 3866 oblatam
879 3818 967 3866 esse.
1022 3795 1112 3866 Inde
1147 3793 1294 3889 genitos
1330 3818 1414 3869 esse

263 3948 480 4035 Centauros,
515 3956 657 4017 natnrae
691 3946 825 4040 partim
861 3944 1043 4034 hnmanae,
1078 3946 1213 4041 partim
1249 3947 1412 4040 equinae,

261 4120 379 4194 genus
397 4120 547 4192 pugnax
566 4108 603 4167 et
620 4094 836 4190 inquietum.
891 4093 934 4164 ld
954 4093 1052 4188 quod
1081 4092 1230 4166 mutatis
1249 4096 1411 4170 nomini-

261 4251 329 4323 bus
347 4248 447 4321 idem
465 4260 518 4319 est
539 4272 582 4319 ac
607 4246 637 4318 si
656 4246 846 4331 dixissent,
871 4244 1037 4317 homines
1055 4246 1230 4339 privatos,
1253 4246 1302 4318 ad
1318 4272 1412 4322 eon-
