2940 4980
324 348 395 411 214
728 363 957 415 minumum.

130 558 227 609 sper,
243 559 293 610 ur.
324 526 479 598 bominis
496 527 554 600 vel
572 528 667 601 illius
692 530 854 621 concilii,
873 531 933 604 cui
950 552 989 603 se
1003 528 1224 620 submiserit,
1242 529 1286 602 id
1304 541 1376 621 est,

140 637 282 740 *ᾗ
324 666 370 713 ne
387 665 493 713 usum
507 667 619 738 opum
634 655 671 716 et
682 644 814 716 virium
827 669 976 718 suarum
992 644 1181 740 (quoniam
1190 644 1254 739 jus
1273 643 1376 740 seip-

324 778 405 827 sum
436 768 565 828 contra
590 757 664 829 vim
692 758 914 831 defendendi
940 758 1098 831 retinere
1127 757 1372 853 intelligitur)

324 878 454 940 contra
470 869 560 942 alios
579 894 826 967 quoscumque
852 873 905 945 illi
931 872 1112 969 deneget:
1139 881 1374 967 vocaturque

325 980 449 1053 Uuro.
518 980 695 1055 Voluntas
720 994 843 1056 autem
871 984 1031 1074 concilii,
1067 1008 1110 1057 ea
1147 984 1375 1081 intelligitur

323 1117 414 1184 esse,
433 1118 514 1190 quae
531 1107 588 1167 est
604 1096 774 1170 volontas
786 1098 942 1193 nrojoris
958 1098 1092 1196 portis
1103 1120 1231 1170 eorum
1247 1097 1373 1171 homi-

322 1232 423 1300 num,
437 1234 482 1282 ex
500 1210 629 1305 quibus
647 1212 842 1285 concilium
859 1213 1040 1285 consistit.

112 1322 310 1430 {gffifflm
374 1331 408 1397 8.
436 1324 668 1421 Quamquam
693 1337 816 1399 autem
832 1325 1003 1399 uoluatur
1028 1349 1103 1398 non
1133 1324 1181 1398 sit
1204 1325 1286 1420 ipsa
1302 1351 1371 1399 vo-

112 1452 246 1496 aaran.
322 1438 492 1528 luntario,
513 1439 578 1511 sed
594 1450 737 1513 tantum
755 1442 942 1513 actionum
959 1439 1248 1512 voluntariarum
1264 1439 1369 1536 priu-

323 1552 487 1648 cipium;
530 1576 605 1624 non
640 1554 738 1626 enim
775 1553 944 1626 volumus
967 1553 1072 1640 velle,
1108 1551 1172 1624 sed
1190 1550 1368 1648 facere,-

322 1665 478 1762 ideoque
495 1666 645 1738 minime
663 1666 771 1740 cadat
787 1667 855 1739 sub
869 1665 1166 1739 deliberationem
1180 1676 1218 1736 et
1233 1675 1368 1760 pecta3

324 1792 447 1851 tomen
465 1781 529 1874 qui
547 1781 693 1876 subjicit
709 1781 937 1853 voluntatem
955 1803 1058 1852 suam
1072 1778 1221 1852 alterius
1238 1777 1369 1851 volun-

324 1893 404 1981 tati,
414 1894 589 1967 transfert
599 1895 637 1967 in
650 1895 753 1967 illum
764 1895 920 1968 alterum
927 1896 995 1989 jus
1007 1894 1140 1967 virium
1149 1902 1187 1964 et
1185 1891 1368 1989 faculta-

325 2013 399 2075 tum
416 2030 589 2079 suorum:
616 2017 658 2079 ut
676 2032 760 2079 cum
777 2007 901 2079 caeteri
918 2006 1016 2078 idem
1038 2005 1204 2093 feceriut,
1230 2004 1369 2077 habeat

324 2116 366 2206 is,
385 2118 444 2190 cui
471 2120 710 2208 submittitur,
728 2131 850 2192 tantas
876 2119 985 2208 vires,
1003 2131 1046 2191 ut
1072 2128 1212 2191 terrore
1239 2141 1368 2190 earum

323 2230 551 2327 singulorum
568 2232 774 2305 voluntates
797 2231 845 2305 ad
862 2231 1041 2304 unitatem
1066 2241 1105 2304 et
1131 2230 1369 2304 concordiam

320 2345 437 2440 possit
454 2345 695 2418 conformare.

113 2469 214 2521 Quibit
228 2469 313 2515 doru
375 2466 409 2530 9.
438 2458 536 2531 Unio
563 2469 686 2530 autem
703 2458 755 2530 sic
779 2458 878 2530 facta
904 2457 1108 2553 appellatur
1130 2455 1266 2529 civitae
1290 2455 1368 2530 sive

322 2571 487 2643 societas
498 2570 633 2660 civilis,
652 2585 763 2667 atque
780 2572 891 2644 etiam
902 2595 1071 2669 perrona
1084 2569 1219 2643 civilia.
1269 2568 1368 2644 Nam

284 2700 287 2705 '
324 2707 408 2755 cum
436 2709 510 2756 uno
533 2685 581 2756 sit
609 2685 771 2757 omnium
797 2685 978 2773 voluntas,
1006 2709 1073 2780 pro
1103 2708 1176 2756 una
1195 2706 1368 2780 persono

324 2795 494 2869 habenda
512 2811 588 2880 est;
616 2809 654 2870 et
667 2799 814 2870 nomine
832 2822 902 2870 reno
915 2798 962 2870 ab
975 2797 1143 2870 omnibus
1156 2796 1367 2870 hominibus

323 2909 605 3006 particularibus
623 2908 882 3006 distinguenda
896 2919 933 2981 et
951 2907 1211 3005 dignoscenda,
1227 2908 1367 2981 habens

321 3024 407 3118 jura
433 3035 559 3096 suaet
583 3048 641 3097 res
665 3024 733 3097 sibi
759 3024 938 3122 proprias.
991 3024 1049 3096 lte
1075 3033 1118 3096 ut
1140 3046 1259 3119 neque
1277 3022 1368 3096 civis

325 3135 467 3231 aliquis,
485 3161 602 3232 neque
621 3162 747 3210 omnes
764 3137 883 3225 simul,
901 3136 931 3208 si
957 3135 1180 3232 excipiamus
1201 3158 1285 3208 eum
1302 3159 1367 3208 cu-

321 3250 382 3345 jus
399 3250 567 3323 voluntas
583 3251 631 3323 sit
648 3275 715 3348 pro
732 3250 923 3323 voluntate
941 3251 1116 3340 omnium,
1126 3274 1194 3345 pro
1212 3249 1367 3322 civitate

326 3363 508 3437 censenda
525 3364 583 3436 sit.
637 3365 807 3436 Crvrrns
836 3387 936 3460 ergo,
964 3374 1006 3437 ut
1034 3387 1114 3436 eam
1138 3363 1366 3450 definiamus,

325 3489 382 3549 est
393 3501 562 3576 persono
580 3502 666 3565 aaa,
685 3479 789 3572 cujus
806 3475 989 3566 uoluntas,
1008 3500 1054 3549 ex
1069 3477 1188 3573 pactis
1205 3475 1365 3572 plurium

326 3590 526 3679 hominum,
544 3613 612 3685 pro
631 3588 821 3661 voluntate
838 3588 1008 3663 habenda
1025 3602 1081 3663 est
1106 3590 1270 3686 ipsorum
1287 3613 1366 3662 om-

325 3704 439 3791 nium,
477 3714 520 3774 ut
549 3701 778 3796 singulorum
815 3702 953 3774 viribus
983 3713 1021 3775 ct
1046 3702 1283 3776 facultatibus
1310 3704 1366 3777 uti

325 3817 438 3912 possit
454 3815 500 3887 od
518 3838 647 3911 pacem
670 3826 707 3886 et
730 3813 979 3887 defensionem
997 3839 1241 3889 communem.

143 3945 296 4021 trudetur·
393 3939 448 4004 10.
477 3928 710 4025 Quamquam
735 3941 858 4000 autem
889 3929 1025 4001 civitas
1055 3929 1173 4002 omnis
1194 3952 1366 4026 persono

143 4010 281 4055 “mmm
326 4042 448 4114 civilis
472 4042 544 4126 sit;
571 4066 645 4114 non
663 4054 797 4129 tamen,
817 4063 1039 4132 econverso,
1058 4042 1176 4115 omnis
1195 4065 1367 4140 persona

326 4154 448 4227 ciuilis
460 4167 516 4228 est
530 4155 675 4228 civitae.
702 4153 799 4226 Fieri
812 4153 910 4224 enim
926 4166 1050 4249 potest
1061 4165 1104 4227 ut
1120 4154 1218 4227 cives
1230 4152 1365 4250 plures

324 4269 562 4363 permittente
579 4270 726 4343 civitate
743 4292 820 4358 sua,
833 4279 965 4342 coeant
981 4269 1019 4341 in
1031 4294 1139 4344 unam
1147 4293 1366 4368 personam,
