2940 4980
127 540 225 590 SEC'l'.
240 542 277 590 ll.

314 322 361 398 76
711 341 764 392 nn
785 340 967 393 noman.

315 506 601 601 refringerentnr
617 531 683 603 per
701 508 783 581 HD
802 519 840 581 ct
858 510 937 583 KD
963 508 1011 581 ad
1030 518 1205 582 centrum
1236 510 1367 583 retinae

208 651 215 663 ·
315 619 359 691 D.
401 619 508 692 Unde
523 621 626 693 ficret
643 634 686 692 ut
702 622 734 694 G
750 621 937 695 rideretur
949 645 1023 694 non
1041 620 1154 694 modo
1170 622 1212 695 in
1231 622 1365 696 visuali

143 770 176 832 a„
186 756 286 799 aaran
315 732 409 819 DH,
424 732 488 805 sed
505 734 615 805 ctiam
632 734 670 805 in
687 734 815 807 visuali
833 735 925 808 DK.
976 734 1024 806 Et
1039 756 1106 829 per
1122 734 1294 807 eandem
1309 758 1364 807 ra·

124 836 129 851 ’
190 828 254 863 ’““““
270 836 302 865 'l'
314 845 462 932 tionem,
481 846 669 941 quodlibet
695 848 795 919 alind
821 857 999 943 punctum
1024 846 1193 942 ejusdem
1219 848 1363 945 objecti

314 958 350 1029 in
368 958 495 1030 endem
513 960 642 1032 visuali
655 960 852 1049 videretur,
866 960 905 1033 in
919 959 1147 1056 quaridetur
1160 960 1362 1055 quodlibet

313 1072 411 1144 aliud
428 1086 604 1168 punctum
623 1073 785 1168 ejusdem
808 1073 954 1168 objecti,
980 1073 1019 1145 id
1043 1071 1144 1167 quod
1160 1086 1222 1147 cst
1238 1075 1361 1148 videri

314 1185 475 1275 confuse,
509 1198 546 1258 ct
581 1187 619 1258 in
654 1186 790 1281 majore
824 1186 1000 1260 distantia
1033 1187 1150 1281 magis
1187 1188 1359 1262 confuse.

180 1300 183 1305 ’
315 1299 425 1372 Quod
458 1311 514 1372 est
546 1299 716 1395 primum.
779 1299 930 1390 Rursus,
961 1299 1133 1395 quoniam
1162 1300 1358 1397 objectum

313 1414 393 1502 EF,
420 1414 495 1486 sive
512 1414 662 1509 propius
680 1413 824 1509 dioptro
842 1414 917 1485 sive
934 1413 981 1485 ab
1005 1437 1049 1485 eo
1074 1412 1255 1485 remotius
1282 1424 1358 1487 sta·

312 1538 448 1615 tuctur,
475 1526 597 1599 lumen
619 1550 724 1598 suum
746 1526 857 1599 habet
878 1525 1162 1599 determinatum
1181 1525 1356 1621 (planum

312 1640 409 1711 enim
435 1664 555 1735 neque.
581 1640 720 1736 colligit
746 1664 862 1736 neque
893 1640 1026 1712 minuit
1051 1639 1188 1732 lumen)
1217 1640 1355 1715 fortius

310 1765 397 1847 aget
406 1776 521 1848 prope
534 1751 884 1846 collocatum‚quam
896 1776 939 1824 ex
950 1751 1163 1847 longinquo.
1195 1750 1354 1827 Quanto

310 1887 398 1958 crgo
424 1865 609 1959 objectum
632 1867 807 1938 remotius
827 1865 1011 1954 statuitur,
1037 1876 1141 1937 tanto
1162 1863 1354 1941 videbitur

311 1977 432 2049 minus
458 1976 608 2050 clarum.
661 1979 772 2052 cuod
797 1994 854 2051 est
879 1977 1092 2050 secundum.
1143 1976 1351 2069 Postremo,

312 2089 484 2185 quoniam
510 2092 691 2186 objectum
717 2092 800 2179 EF,
827 2092 864 2163 in
885 2091 1113 2186 quantalibet
1130 2091 1350 2182 remotione,

310 2204 455 2277 ridetur
478 2227 621 2300 semper
646 2206 712 2277 sub
737 2204 866 2277 eodem
888 2204 1023 2299 angulo
1041 2203 1174 2277 visorio
1202 2204 1240 2277 H
1253 2206 1350 2296 DK,

312 2327 350 2388 ct
365 2340 431 2412 per
449 2316 569 2389 media
591 2315 730 2406 eadem,
754 2316 937 2389 videbitur
962 2341 1107 2412 quoque
1134 2340 1282 2413 semper
1308 2320 1349 2392 in

311 2429 450 2518 MDL,
485 2430 641 2525 ideoque
684 2431 721 2502 in
751 2430 879 2502 eodem
921 2454 1064 2526 semper
1096 2430 1188 2503 loco.
1242 2430 1349 2505 Qun-

311 2556 474 2637 propter,
492 2543 522 2614 si
541 2542 587 2614 sit
601 2543 787 2639 dioptrum
804 2543 1092 2640 hyperbolicum,
1110 2555 1180 2615 etc.
1233 2542 1349 2618 Quod

311 2664 391 2727 erat
408 2654 685 2728 ostendendum.

361 2767 508 2841 Adduxi
541 2780 663 2841 autem
701 2768 1018 2841 ratiocinationem
1051 2769 1147 2841 hanc
1181 2769 1228 2841 ob
1262 2794 1348 2843 cam

310 2906 468 2970 causam,
495 2881 594 2977 quod
618 2881 779 2954 viderem
803 2906 825 2954 a
846 2881 1031 2955 nonnullis
1048 2881 1193 2978 dioptra
1208 2906 1348 2979 magno

310 2994 433 3067 labore
449 2995 587 3068 frustra
598 2994 769 3067 fabricari
782 2994 1031 3090 hyperbolicu;
1051 3019 1096 3068 ex
1108 2996 1348 3091 persuasione

309 3108 411 3195 falsa,
437 3108 536 3180 illam
564 3109 720 3203 figuram
747 3120 827 3180 tum
855 3107 1060 3203 telescopiis
1088 3120 1168 3181 tum
1192 3109 1349 3185 micros-

310 3222 424 3317 copiis
449 3221 723 3294 accommodam
741 3246 839 3306 esse;
866 3221 904 3293 id
922 3221 1019 3316 quod
1037 3245 1163 3294 verum
1180 3245 1257 3294 non
1275 3236 1346 3297 est

310 3336 412 3409 Idem
431 3335 503 3408 diei
520 3347 644 3431 potest
661 3334 707 3407 de
726 3334 879 3430 dioptris
904 3333 1085 3429 cllipticis,
1111 3344 1263 3432 propter
1288 3358 1348 3409 ra-

309 3451 427 3523 tiones
438 3447 596 3521 easdem.
624 3449 844 3542 Quanquam
854 3447 902 3520 ad
913 3447 1202 3520 comburendum
1214 3448 1346 3544 figurae

309 3563 457 3652 eaedem,
485 3572 528 3634 ut
552 3584 662 3657 supra
685 3573 871 3635 ostensum
896 3571 964 3652 est,
990 3561 1153 3635 omnium
1179 3561 1254 3635 siut
1278 3587 1346 3660 ap-

308 3678 468 3751 tissimae.
