2940 4980
351 322 397 387 84
737 336 790 387 on
810 335 992 389 uournn.

169 534 265 587 sacr,
280 536 317 587 u.
352 501 478 574 nificat
494 501 776 576 instrumentum
794 528 866 599 quo
883 526 941 577 res
955 503 1131 576 videntur
1147 526 1174 577 a
1188 502 1408 605 longinquo,

168 611 311 717 ,ἑὸ
353 615 418 688 sed
427 615 549 710 potius
561 616 852 713 microscopium,
860 641 933 713 quo
944 616 1084 689 scilieet
1093 616 1264 715 objecta
1273 620 1408 693 minuta

353 740 532 825 apparent
560 754 716 824 magna3
749 731 842 803 ratio
871 744 994 803 tamen
1021 728 1155 802 eadem
1184 746 1266 805 est.
1323 733 1409 807 Nau

353 842 590 936 telescopium
610 842 808 937 quodlibet,
826 843 856 915 si
874 843 1090 916 adhibeatur
1105 842 1161 915 ad
1184 844 1352 943 objecta
1365 846 1410 919 η’-

355 953 475 1027 denda
493 979 574 1050 quae
591 970 677 1029 sunt
694 958 731 1028 in
753 957 920 1052 proximo
937 957 1066 1053 posita,
1083 968 1121 1029 et
1141 958 1196 1031 ob
1215 982 1312 1033 eam
1333 984 1411 1033 cau

355 1092 433 1141 sam
449 1067 594 1163 dioptra
608 1071 697 1165 ejus,
716 1082 894 1165 quantum
911 1070 998 1143 satis
1015 1079 1082 1157 est,
1100 1068 1361 1163 diducuntur,
1376 1074 1412 1145 fit

355 1181 644 1277 microscopium.

145 1324 324 1371 mantuam
405 1298 439 1377 7.
460 1295 502 1365 In
520 1294 726 1391 telescopiis
742 1295 845 1368 locus
859 1295 955 1368 oculi
973 1320 1048 1368 non
1065 1318 1309 1393 magnopere
1329 1322 1412 1371 con-

144 1390 329 1513 ;,‘l¹‚}‘,',¹‡‘„¹{’„f,⁸,⁰,⁵‡
355 1407 546 1481 sideratur.
600 1408 695 1479 Nam
718 1408 748 1481 si
772 1408 919 1504 quidem
942 1407 1127 1504 dioptrum
1139 1410 1269 1483 ‘oculo
1289 1411 1413 1507 proxi·

144 1520 335 1640 fflsffl·
356 1545 456 1594 mum
473 1522 522 1593 sit
539 1544 751 1609 concavum,
770 1532 907 1616 quanto
928 1520 1078 1617 propior
1100 1520 1172 1617 ipsi
1190 1522 1336 1597 oculus
1352 1550 1412 1621 ap

145 1650 344 1694 minusveeonsuw·
355 1635 525 1731 plicatur,
551 1645 656 1706 tanto
681 1634 762 1730 plus
779 1633 925 1706 videtur
950 1633 1092 1730 objecti.
1145 1634 1252 1707 Nam
1270 1637 1344 1733 qui
1360 1638 1412 1711 in-

356 1747 486 1843 spiciet
503 1747 658 1843 figuram
681 1759 860 1842 quartam,
885 1747 990 1819 facile
1013 1746 1294 1823 animadvertet
1312 1749 1411 1847 quod

356 1875 497 1934 remoto
521 1874 659 1957 puncto
683 1860 717 1933 D
741 1861 886 1957 longius
913 1886 936 1934 a
961 1861 1105 1956 dioptro
1130 1860 1237 1952 MN,
1260 1864 1409 1937 radium

359 1973 575 2046 KRNAD
602 1998 676 2046 non
704 1997 811 2069 posse
835 1974 964 2046 cadere
989 1974 1028 2045 in
1052 1990 1224 2046 centrum
1250 1976 1407 2059 retium

358 2086 454 2182 perit
472 2086 595 2180 itaque
612 2087 739 2180 puncti
758 2088 791 2158 K
811 2086 978 2159 radiatio.
1005 2086 1135 2182 Itaque
1150 2098 1270 2181 prout
1285 2112 1409 2163 remo-

358 2211 487 2270 veatur
511 2198 649 2285 oculus,
673 2199 725 2271 ita
748 2208 992 2270 extremarum
1009 2197 1168 2293 partium
1186 2198 1334 2296 objecti
1350 2226 1409 2275 ra-

360 2309 473 2382 diatio
494 2309 584 2382 nihil
606 2310 694 2407 agit,
714 2323 751 2382 et
780 2309 934 2405 proinde
963 2309 1000 2381 in
1027 2308 1232 2383 remotione
1264 2315 1409 2409 maiore

360 2422 471 2494 totius
489 2422 622 2518 objecti
645 2422 736 2493 visio
759 2421 951 2494 amittitur.
1005 2421 1154 2510 Contra,
1172 2421 1408 2519 inspiciendo

360 2536 516 2631 figuram
534 2536 710 2631 quintam,
726 2534 957 2607 manifestum
977 2548 1033 2607 est
1058 2534 1156 2630 quod
1173 2536 1204 2607 si
1219 2552 1409 2631 punctum

364 2649 397 2720 D
415 2649 564 2745 propius
582 2651 628 2722 sit
646 2649 791 2744 dioptro
810 2649 838 2720 1·Ἱ
849 2650 891 2737 G,
909 2648 1052 2721 radium
1071 2650 1101 2720 L
1113 2650 1148 2720 H
1162 2649 1189 2721 F
1206 2672 1286 2723 non
1298 2676 1408 2749 posse

363 2762 514 2858 refringi
542 2763 589 2835 ad
620 2763 665 2852 D,
694 2762 759 2835 sed
784 2763 988 2835 necessario
1016 2787 1122 2836 axem
1151 2786 1278 2835 secare
1309 2766 1409 2839 infra

362 2876 492 2971 ipsum,
510 2876 667 2972 ideoque
684 2876 802 2971 perire
820 2876 996 2948 visionem
1019 2876 1147 2972 puncti
1165 2876 1206 2947 L.
1242 2876 1407 2953 Quodsi

363 2988 481 3084 ipsum
500 2989 686 3085 dioptrum
707 2990 776 3061 FG
798 2988 946 3061 finiatur
968 2988 1005 3060 in
1028 2990 1066 3078 F,
1084 3000 1216 3061 utnon
1235 2989 1285 3062 sit
1303 2990 1407 3065 locus

363 3102 589 3177 irradiationi
607 3116 710 3175 extra
725 3115 902 3198 punctum
922 3102 961 3190 F,
980 3112 1017 3174 et
1038 3112 1269 3174 removeatur
1285 3127 1407 3200 punc-

364 3231 443 3289 tum
469 3218 502 3290 D
527 3218 671 3313 longius
696 3242 719 3289 a
744 3217 890 3313 dioptro
918 3217 997 3303 FG,
1021 3216 1074 3288 sic
1097 3239 1243 3312 quoque
1266 3216 1408 3311 peribit

364 3332 455 3405 visio
472 3333 599 3428 puncti
623 3334 671 3404 H.
725 3332 852 3426 Itaque
871 3330 909 3402 in
930 3353 998 3402 axe
1019 3329 1141 3426 optico
1164 3330 1266 3401 loeus
1284 3330 1408 3403 centri

364 3446 492 3518 retinae
521 3446 649 3517 unicus
680 3444 814 3533 existit,
844 3443 905 3515 ubi
933 3442 1066 3537 objecti
1090 3455 1213 3538 partes
1234 3441 1408 3536 plun‘mae

365 3558 480 3630 videri
497 3568 671 3653 possunt;
700 3557 753 3628 ita
769 3568 811 3626 ut
823 3565 949 3628 centro
962 3554 995 3625 D
1007 3553 1092 3626 inde
1106 3564 1207 3626 moto
1224 3552 1302 3626 sive
1318 3578 1409 3649 pro-

364 3671 445 3767 pius
463 3669 511 3741 ad
528 3668 713 3764 dioptrum
737 3668 813 3740 sive
830 3668 875 3739 ab
894 3692 936 3739 eo
954 3666 1112 3762 longina,
1130 3667 1250 3739 minus
1268 3668 1410 3763 objecti

366 3806 509 3877 semper
526 3782 725 3877 apparebit.
761 3781 826 3852 Est
843 3793 967 3852 autem
984 3780 1086 3853 locus
1104 3780 1163 3852 ille
1180 3804 1203 3852 a
1219 3803 1294 3876 quo
1312 3782 1412 3855 radii

366 3921 450 3969 cum
461 3920 528 3968 axe
540 3894 661 3990 optico
674 3893 711 3965 in
724 3893 802 3989 ipsa
813 3892 932 3965 retina
942 3905 1202 3966 concurrentes
1213 3906 1414 3969 transeunt

367 4034 432 4106 per
450 4009 585 4105 dioptri
597 4008 642 4080 ab
654 4008 759 4080 oculo
771 4006 976 4080 remotioris
989 4007 1165 4079 terminos
1177 4018 1379 4082 extremos.

185 4137 337 4194 Temnum
419 4132 454 4196 8.
472 4121 779 4218 Telescopiorum,
798 4133 877 4194 tum
896 4120 933 4191 in
952 4120 1083 4215 quibus
1101 4119 1288 4216 dioptrum
1302 4122 1417 4197 oculo

184 4205 265 4263 quitus
274 4202 340 4245 rabin

185 4267 304 4314 amma
370 4235 627 4333 applicandum
658 4259 862 4311 concavum
896 4244 962 4322 est,
994 4246 1073 4307 tum
1108 4257 1189 4330 quae
1223 4232 1418 4329 dioptrum
