2940 4980
296 310 362 375 116
689 326 742 375 nn
760 324 941 377 nonina.

101 522 198 571 sacr.
215 522 252 573 n,
291 491 339 564 ob
356 490 493 563 nullam
510 492 618 565 aliam
636 517 795 581 oausam,
814 517 925 589 quarn
942 492 1047 589 quod
1063 492 1123 567 ab
1143 491 1353 567 hominibus

106 600 249 701 ..IL
291 604 440 700 perfidis
473 620 683 701 perpetratu
716 606 856 697 flagitio
889 608 927 679 in
960 604 1034 679 illis
1062 606 1186 681 libris
1223 605 1355 681 laudari

291 716 429 804 vident,
446 718 617 791 nimirum
635 719 821 811 rogieitlia
840 720 871 791 si
889 718 997 791 modo
1015 742 1138 813 reges
1157 730 1354 815 antequam

293 832 464 905 occidant
483 846 658 928 tyrannos
675 846 820 905 vocent.
868 832 1004 905 Verum
1022 830 1239 927 ingenium
1262 830 1353 927 vulgi

292 946 540 1041 corrumpitur
564 946 684 1017 arllruo
717 947 833 1035 inagis
857 970 881 1017 a
907 944 1068 1017 lectione
1097 944 1299 1019 librorum
1323 958 1355 1017 et

292 1058 478 1131 auditione
513 1059 808 1131 concionantium
843 1082 983 1145 eorum,
1020 1056 1087 1151 qui
1120 1080 1294 1155 regnum
1322 1058 1354 1129 in

293 1195 419 1263 regno,
448 1170 735 1245 ecclesiasticum
759 1172 795 1243 in
821 1170 919 1243 cirili
943 1192 1021 1243 esse
1044 1168 1205 1245 volunt.
1263 1172 1355 1245 Hinc

293 1288 390 1361 enim
418 1310 484 1382 pro
513 1286 646 1357 Cassiis
673 1294 711 1355 ot
740 1284 864 1357 Brutis
889 1284 1059 1356 oriuntur
1086 1282 1299 1357 Ravilliaei
1322 1296 1355 1355 et

293 1402 512 1485 Clementes,
527 1400 602 1495 qui,
617 1424 700 1471 unm
717 1422 822 1493 roges
835 1422 921 1469 snos
931 1395 1141 1469 occidendo
1154 1394 1354 1471 ambitioni

294 1514 510 1589 inservirent
527 1512 667 1596 alienae,
687 1512 764 1583 lleo
783 1536 821 1581 se
839 1511 975 1583 servire
992 1508 1299 1583 arbitrabantur.

104 1632 278 1741 {33¹3va-
347 1636 381 1699 8.
413 1624 575 1720 Ingenia,
605 1623 752 1719 quando
778 1620 1019 1695 insuescendo
1044 1620 1098 1693 ita
1126 1624 1355 1695 confirmata

296 1752 393 1825 sunt,
420 1752 462 1811 ut
487 1737 594 1810 facile
619 1760 688 1809 neo
713 1737 920 1809 reluctante
947 1734 1089 1807 ratione
1119 1758 1217 1809 suas
1246 1736 1355 1811 edant

295 1854 470 1939 actiones,
493 1851 666 1924 dicuntur
693 1876 824 1922 morea.
878 1850 1003 1922 Mores
1030 1858 1174 1933 autem,
1206 1850 1242 1924 si
1271 1848 1354 1923 boni

295 1968 379 2053 sint,
398 1965 556 2035 virtutes
571 1992 583 2045 ,·
602 1964 631 2036 si
649 1964 746 2051 mali,
764 1963 859 2033 vitio
877 1962 1120 2058 appellantur.
1160 1962 1354 2037 Quoniam

295 2089 418 2151 autam
436 2100 510 2149 non
528 2078 657 2150 eodeni
677 2077 846 2149 omnibns
863 2076 962 2149 bona
979 2088 1016 2149 et
1029 2074 1127 2147 mala
1141 2088 1253 2165 sunt,
1268 2100 1354 2150 eon·

296 2192 406 2287 tingit
418 2189 564 2262 eosdem
576 2214 696 2261 mores
709 2192 755 2261 ab
768 2189 825 2261 liis
836 2189 978 2262 laudari
990 2188 1037 2261 ab
1051 2187 1121 2261 illis
1137 2188 1307 2285 culpari,
1319 2186 1356 2261 id

296 2315 364 2392 est,
376 2305 423 2377 ab
437 2302 516 2375 aliis
526 2304 653 2385 bonos,
665 2305 711 2375 ab
725 2304 805 2375 aliis
819 2303 945 2389 rnalos,
958 2302 1004 2373 ab
1018 2300 1097 2373 aliis
1109 2300 1296 2391 virtutes,
1311 2302 1355 2375 ab

297 2418 378 2491 aliis
391 2416 481 2489 vitia
494 2415 678 2512 appellari.
711 2416 836 2489 Quare
850 2428 905 2501 ut,
924 2414 1023 2511 quod
1040 2412 1113 2485 diei
1131 2414 1247 2501 solet,
1265 2426 1356 2513 quot

298 2528 1356 2626 capitototseritorrtiae‚itaotiamdieipotest‚quothomi·

299 2666 364 2716 nos
378 2656 435 2716 tot
447 2642 591 2714 virtutis
604 2653 640 2714 ot
652 2642 728 2713 vitii
743 2642 896 2713 ‹liversae
909 2640 1057 2735 regulae.
1093 2640 1211 2713 Quod
1223 2650 1354 2715 tamen

300 2756 346 2829 de
363 2756 572 2828 hominibus
596 2766 746 2827 eatenus
770 2753 1048 2847 intelligendum
1070 2766 1138 2841 est,
1161 2764 1355 2847 qnatenus

299 2870 464 2942 homines
488 2880 644 2956 tanturn,
673 2892 747 2940 non
771 2868 882 2940 etiam
907 2878 1088 2962 quatenus
1116 2864 1236 2949 cives;
1263 2890 1355 2941 nam

301 3008 440 3070 eorum,
459 2982 520 3077 qui
539 2994 643 3053 extra
659 2981 845 3053 civitatem
863 2990 961 3068 sunt,
979 2980 1073 3051 alter
1092 2978 1249 3053 alterins
1266 3004 1354 3053 sen-

301 3095 454 3170 tentiam
472 3095 573 3190 sequi
592 3119 665 3167 non
681 3094 880 3189 obligatum
900 3093 937 3165 in
955 3092 1104 3165 civitate
1120 3115 1211 3164 vero
1230 3094 1353 3189 pactis

301 3210 521 3305 obligantur.
565 3208 619 3279 Ex
638 3230 711 3301 quo
726 3206 943 3301 intelligitur
960 3204 1151 3278 scientiam
1169 3206 1351 3279 moralem

300 3324 438 3397 nullam
462 3322 597 3393 habere
620 3344 726 3416 posse
751 3344 827 3407 eoo,
846 3320 909 3415 qui
926 3319 1092 3391 homines
1109 3318 1353 3393 considerant

300 3463 366 3535 per
379 3460 418 3507 se
432 3449 470 3506 ot
483 3435 585 3530 quasi
601 3447 705 3505 extra
718 3432 930 3505 societatem
944 3432 1101 3519 civilem,
1114 3446 1274 3527 propter
1286 3433 1352 3506 de-

300 3552 439 3623 fectum
460 3571 642 3620 mensurae
665 3558 787 3633 certae,
807 3570 881 3642 quo
900 3546 1016 3618 virtus
1036 3556 1075 3618 et
1094 3544 1224 3617 vitium
1249 3546 1351 3620 aesti-

301 3664 393 3737 mari
412 3675 449 3735 et
467 3659 609 3733 definiri
627 3659 777 3755 possint.
814 3658 909 3730 Nam
928 3657 1091 3730 seientiae
1109 3680 1238 3729 omnes
1256 3658 1351 3733 inci-

301 3778 408 3873 piunt
425 3802 448 3847 a
465 3773 750 3860 definitionibus,
772 3796 841 3843 nee
865 3772 971 3843 aliter
994 3770 1156 3843 scientiae
1180 3768 1353 3847 dicendae

302 3902 399 3975 sunt,
417 3888 481 3961 sed
498 3910 684 3959 sermones
700 3885 804 3957 meri.

137 4024 246 4067 stomun
352 4014 388 4075 9.
408 4004 538 4097 ltaque
555 4000 624 4073 nisi
643 3999 680 4072 in
698 4000 775 4072 rita
792 3998 901 4086 civili,
920 3998 1099 4070 virtutum
1116 4007 1155 4069 et
1171 3996 1354 4073 ritiorum

137 4088 273 4133 ”¹‘'¹¹¹¹”¹‘¹'
304 4116 506 4189 eommunis
519 4138 689 4187 mensuro
702 4138 775 4186 non
789 4112 996 4195 insonitum
1015 4136 1097 4207 quae
1114 4133 1291 4185 mensura
1302 4114 1355 4189 ob

304 4255 383 4303 eam
403 4254 547 4301 calisam
566 4228 637 4301 alia
651 4252 729 4301 esse
742 4252 817 4299 non
831 4236 953 4322 potest
966 4240 1101 4321 praeter
1114 4224 1350 4323 uniuscnjns·
