2940 4980
299 332 346 398 86
689 350 740 399 na
761 350 943 401 nonius.

115 546 210 596 sacr.
223 546 262 598 11.
301 514 377 587 sivo
403 513 503 610 quod
528 515 633 586 oculo
656 517 861 611 proximum
879 528 946 605 est,
964 517 1089 591 PGH
1104 518 1139 609 l,
1168 519 1350 617 dioptrum

116 624 259 727 ,ἑή
302 638 424 699 autern
438 627 557 698 minus
575 628 718 723 objecto
736 628 960 724 applicatum
976 629 1024 701 sit
1038 630 1077 703 K
1090 630 1125 705 L
1138 632 1188 705 M
1201 632 1254 705 N.
1304 630 1350 705 sit

104 763 243 841 prensens
257 778 289 807 a
296 743 371 837 jarn
386 765 408 813 a
426 754 553 813 centro
572 743 700 814 retineo
718 743 750 814 D
769 742 881 814 dueta
898 742 931 815 D
947 744 995 829 H,
1013 766 1102 838 quae
1120 744 1178 819 sit
1199 744 1351 819 refrena

103 830 289 951 ffllnss'll
301 854 348 927 ad
367 855 405 941 F,
424 854 554 927 deinde
572 854 620 927 ad
637 855 683 942 K,
702 854 833 927 deinde
844 854 892 927 ad
902 856 935 927 0
946 855 984 927 in
997 857 1211 951 superficie
1222 856 1350 955 dioptri

103 958 290 1067 ffpfflntrv
303 969 387 1041 ΜΟ
400 969 447 1057 N,
465 981 651 1063 postremo
669 970 716 1041 ad
735 970 773 1040 P.
827 969 1014 1054 Similiter,
1032 992 1077 1041 ex
1099 971 1235 1045 altera
1257 982 1351 1067 parte
1397 1008 1399 1017 ·

303 1082 458 1154 ducatur
468 1082 672 1155 refractaD
686 1084 701 1154 l
714 1082 745 1153 G
758 1084 787 1153 L
798 1083 830 1155 0
843 1083 890 1169 Q,
904 1082 1023 1177 sitque
1037 1082 1248 1178 objectum
1264 1083 1351 1165 Pte

302 1195 491 1291 apparebit
514 1195 626 1290 igitur
645 1198 672 1268 P
690 1197 726 1267 in
745 1195 874 1267 visuali
903 1196 985 1267 DH
1013 1195 1236 1290 producta:
1275 1222 1352 1295 pro·

302 1308 456 1380 dueatur
473 1318 596 1379 autem
615 1309 696 1379 Dll
715 1307 763 1379 ad
789 1331 981 1379 occursum
997 1307 1203 1403 productae
1224 1311 1305 1385 Po
1319 1310 1351 1383 iu

300 1422 341 1494 Τ.
395 1423 548 1517 Propter
565 1421 718 1493 eandorn
736 1444 883 1493 eausam
901 1420 1091 1516 apparebit
1105 1436 1304 1517 punctum
1320 1422 1353 1497 Q

301 1535 339 1606 in
367 1534 496 1606 visuali
514 1535 575 1606 Dl
595 1535 799 1629 producta:
827 1534 1051 1630 producatur
1076 1548 1211 1609 autem
1242 1536 1350 1611 adv.

299 1649 320 1720 J
323 1672 382 1720 am
400 1661 511 1721 rectae
529 1648 601 1719 ET
614 1649 678 1720 fiat
704 1648 853 1742 aequalis
878 1659 916 1720 et
928 1647 1102 1743 parallelo
1118 1648 1157 1720 D
1169 1648 1224 1738 X,
1245 1650 1351 1723 intel·

300 1760 505 1856 ligaturque
519 1761 599 1833 ΧΥ
617 1762 668 1833 ita
682 1785 760 1832 esse
774 1760 897 1849 ducta,
912 1774 954 1832 ut
967 1760 1151 1857 producta
1164 1761 1351 1837 incideret

301 1874 339 1945 in
370 1897 477 1945 axem
507 1875 668 1970 opticurn
693 1876 758 1946 ΟΕ
779 1873 826 1946 ad
848 1887 1027 1970 punctum
1051 1877 1349 1959 evanescentiae3

301 1998 400 2058 secet
427 1998 549 2058 autern
568 1988 648 2059 XY
664 1988 839 2061 visualenr
864 1988 939 2060 ΒΤ
957 1988 994 2060 in
1016 2001 1157 2084 puncto
1176 1989 1219 2061 Ζ.
1276 1990 1349 2085 Ap-

301 2099 444 2194 parebit
457 2099 570 2195 igitur
584 2102 611 2172 P
630 2102 667 2172 in
685 2102 734 2173 Z:
763 2102 943 2196 ductaque
961 2101 989 2171 Z
1003 2130 1027 2170 α
1043 2098 1224 2195 parallela
1235 2112 1350 2175 rectae

300 2212 386 2301 TV,
406 2224 443 2285 et
457 2224 603 2285 secante
622 2215 655 2286 D
667 2215 699 2285 V
718 2215 755 2286 in
773 2244 808 2303 α,
832 2214 1023 2310 apparebit
1051 2225 1236 2309 punctum
1256 2214 1297 2291 Q
1312 2214 1349 2287 iu

302 2355 337 2413 α,
356 2338 394 2399 et
413 2337 531 2398 toturn
543 2327 726 2422 objectum
746 2328 773 2400 P
784 2329 814 2399 ll
827 2328 875 2415 Q,
894 2327 1021 2399 ordine
1038 2326 1199 2415 inverso,
1211 2327 1252 2399 in
1270 2328 1302 2401 Z
1314 2354 1349 2399 α.

304 2439 355 2510 Ut
385 2450 508 2511 autem
535 2439 612 2512 sine
641 2439 854 2512 confusione
883 2439 1062 2527 videatur,
1086 2439 1139 2511 ita
1165 2439 1347 2514 collocari

302 2551 437 2623 debent
461 2551 606 2647 dioptra
632 2553 702 2625 FG
720 2566 757 2624 et
774 2554 813 2624 M
827 2554 875 2640 N,
894 2564 935 2625 ut
962 2578 984 2624 a
1011 2552 1174 2648 quolibet
1201 2565 1346 2648 puncto

302 2665 448 2760 objecti,
467 2677 508 2735 ut
522 2664 560 2752 P,
579 2664 671 2737 radii
696 2665 768 2737 duo
797 2681 985 2755 exeuntes,
1008 2677 1051 2738 ut
1070 2666 1160 2754 PM,
1179 2665 1273 2753 ΡΝ,
1291 2667 1347 2743 ita

302 2777 551 2872 refringantur
597 2789 640 2850 ut
677 2803 760 2851 cum
802 2779 969 2852 venerint
1010 2779 1057 2852 ad
1108 2781 1345 2874 superficiem

303 2889 439 2986 dioptri
457 2891 484 2961 F
503 2891 545 2979 G,
565 2891 718 2963 tendant
741 2890 788 2962 ad
810 2891 955 2963 oculum
979 2891 1183 2986 paralleltis,
1210 2894 1345 2967 saltem

303 3004 425 3097 quoad
441 3028 599 3092 sensum,
616 3019 659 3077 ut
676 3004 761 3077 inde
775 3005 925 3078 refracti
936 3016 1155 3078 concurrant
1169 3005 1207 3078 in
1221 3008 1346 3081 retina
1374 3044 1377 3049 ·

302 3139 386 3189 eum
405 3118 440 3189 H
454 3118 530 3189 AD
549 3117 739 3212 producta,
758 3142 839 3212 quae
862 3142 927 3213 per
946 3117 1221 3191 conversionem
1244 3120 1344 3195 oculi

302 3240 358 3302 est
387 3231 465 3303 axis
493 3232 648 3326 opticus,
675 3232 712 3303 in
740 3244 878 3327 puncto
901 3231 939 3322 β.
992 3232 1052 3303 Sic
1082 3231 1180 3303 enim
1207 3232 1276 3307 fiet
1301 3245 1346 3309 ut

300 3354 478 3437 punctum
497 3344 535 3432 P,
547 3344 644 3416 unde
662 3343 867 3440 procedunt
883 3342 976 3415 radii
994 3343 1139 3416 refracti
1158 3343 1186 3416 P
1199 3344 1240 3417 M
1253 3346 1290 3419 R
1302 3346 1342 3439 β,

303 3456 376 3527 ΡΝ
392 3458 416 3529 S
433 3456 471 3547 β,
490 3466 665 3551 appareat
690 3456 728 3528 in
755 3455 884 3528 visuali
900 3456 927 3546 β
945 3456 978 3527 D
990 3457 1022 3527 Α
1036 3457 1073 3527 H
1085 3457 1125 3545 Z,
1150 3456 1188 3528 id
1206 3471 1277 3547 est,
1302 3472 1346 3535 ut

302 3567 473 3641 distincte
503 3569 682 3655 videatur,
708 3569 817 3641 modo
848 3569 972 3641 radius
1001 3570 1121 3641 nullus
1149 3593 1173 3642 a
1200 3586 1346 3666 puncto

302 3681 374 3753 alio
396 3706 462 3777 per
488 3681 745 3753 refractionem
762 3681 885 3755 veniat
910 3681 958 3753 ad
984 3681 1080 3753 idern
1096 3695 1278 3777 punctum
1291 3686 1346 3778 β;

303 3794 342 3866 id
359 3794 458 3889 quod
485 3794 605 3866 caveri
623 3804 744 3889 potest
763 3807 801 3865 et
819 3794 912 3866 solet
928 3794 1087 3889 tegendo
1110 3798 1348 3890 superficiem

305 3906 441 4004 dioptri
467 3908 619 3980 minoris
642 3908 805 3995 alteram,
836 3908 1008 3979 nimirum
1031 3917 1095 3979 aut
1120 3909 1349 4009 anteriorem

304 4046 449 4094 omnem
464 4035 618 4118 excepta
629 4033 733 4117 parte
749 4023 788 4093 M
804 4022 851 4110 N,
866 4033 929 4093 aut
943 4021 1180 4117 posteriorem
1194 4046 1349 4100 omnem

303 4146 456 4230 excepta
474 4137 560 4224 KL,
579 4136 631 4208 ita
646 4149 688 4207 ut
706 4135 816 4207 radiis
834 4159 856 4206 a
874 4135 1038 4230 quolibet
1055 4134 1188 4230 objecti
1201 4151 1347 4231 puncto

300 4248 582 4342 procedentibus
593 4258 717 4322 tantus
728 4247 775 4321 ad
785 4249 979 4321 transitum
991 4247 1217 4342 relinquatur
1226 4250 1348 4343 locus,
