2940 4980
281 278 347 341 l-lll
602 288 798 341 autsroua
820 284 1135 343 nnnlcauom.

274 496 383 567 litora
397 494 610 567 aeeederem
626 509 704 567 turn
719 492 892 589 seopulis,
903 504 981 567 tum
992 494 1271 589 praesentibus
1282 492 1423 591 proeell'u

273 648 488 743 perieulosa.
542 650 730 728 Quantum
754 644 888 717 laboris
911 644 1210 741 diligentiaeque
1238 646 1280 719 in
1298 644 1424 718 verine

273 796 527 887 investiganda
538 795 742 869 adhibitum
757 796 816 881 sit,
832 794 920 868 seio.
965 792 1067 875 Quid
1079 794 1295 869 effecerim
1309 798 1425 871 neseio:

274 969 357 1016 nam
377 944 525 1016 inuento
543 958 667 1016 nostra
685 967 811 1015 ornnes
829 966 905 1037 pree
922 964 1046 1013 amore
1063 940 1204 1017 minus
1226 958 1338 1019 reete
1353 944 1428 1019 asti-

273 1120 426 1167 mnmns.
480 1097 608 1191 ltaque
631 1093 792 1165 libellum
818 1092 917 1165 hune
944 1114 1112 1165 eensurae
1144 1104 1232 1168 tuae
1258 1120 1374 1193 quam
1392 1096 1431 1169 b

272 1246 350 1318 vori
368 1248 469 1342 prins
486 1248 611 1327 offero,
626 1258 665 1317 ut
683 1244 782 1339 apud
796 1267 905 1337 (mem
918 1242 1141 1315 certissimis
1167 1246 1433 1343 experimentis

273 1394 501 1489 exploratum
533 1394 699 1479 habeam,
732 1391 923 1487 opiniones
950 1414 1068 1485 neque
1105 1390 1351 1469 celebritate
1383 1420 1435 1469 au-

272 1544 432 1633 thomm,
451 1569 569 1640 neque
587 1544 750 1616 novitate
768 1568 845 1630 sua,
872 1566 991 1637 neque
1008 1541 1132 1637 speeie
1150 1548 1369 1637 orationis,
1382 1546 1437 1621 sed

272 1695 498 1767 firmitudine
517 1695 698 1767 rationum
726 1692 946 1765 favorabiles
969 1690 1060 1764 fieri.
1116 1691 1159 1765 Si
1188 1696 1384 1783 arrideat,
1406 1696 1439 1771 id

273 1858 340 1935 ost,
354 1848 384 1917 si
398 1870 585 1933 nervosus,
604 1846 633 1917 si
649 1844 760 1931 utilis,
773 1844 802 1915 si
822 1868 896 1916 uon
913 1840 1074 1939 vulgaris
1091 1840 1156 1931 sit,
1175 1854 1272 1921 tum
1292 1848 1439 1923 demum

273 2022 357 2069 eum
375 1998 455 2083 tibi,
483 1995 787 2067 excellentissime
805 1995 975 2083 Domine,
1000 1991 1222 2090 presidium
1255 2010 1300 2073 et
1328 2000 1439 2075 decus

272 2172 407 2235 meum,
422 2146 622 2218 humillime
637 2147 720 2219 dieo
738 2145 963 2240 dedieoque3
981 2144 1037 2216 sin
1055 2145 1285 2239 erraverim,
1305 2162 1441 2225 testem

272 2312 396 2371 tamen
407 2297 519 2368 habes
530 2296 765 2388 gratitudinis
783 2320 887 2383 meae,
902 2294 1001 2390 quod
1014 2292 1143 2381 otium,
1156 2294 1364 2375 beneficio
1377 2314 1441 2377 tuo

273 2470 499 2534 eoncessum,
518 2446 565 2518 ad
581 2446 737 2541 gratiam
753 2459 853 2517 tuam
865 2443 1143 2540 promerendam
1157 2446 1217 2518 uti
1232 2449 1439 2527 voluerim.

271 2597 324 2671 Te
343 2596 441 2667 Deus
458 2597 617 2692 optimus
631 2597 811 2669 maximus
829 2597 867 2667 in
885 2595 1042 2668 statione
1054 2594 1123 2666 hac
1136 2598 1297 2671 mortali
1313 2603 1440 2677 civem

272 2750 452 2846 optimum
469 2762 650 2845 protegat,
677 2772 792 2844 eaque
809 2759 969 2843 peraeta,
987 2745 1051 2818 sed
1075 2743 1313 2839 longissima,
1346 2754 1440 2829 civi.

273 2901 361 2975 tatis
379 2899 535 2972 coelestis
552 2899 670 2995 gloria
687 2912 850 2971 coronet.

587 3067 821 3140 Excellentiae
840 3080 913 3139 tuae
932 3088 1058 3137 sersus
1074 3062 1322 3159 humillimuS,

997 3214 1172 3287 Tuosms
1202 3214 1430 3297 Honnrus.

270 3348 449 3440 Parisiis,
478 3350 571 3423 Noe.
599 3360 627 3439 l,
656 3359 760 3424 1646.
