2940 4980
321 322 369 387 66
711 344 764 395 oc
785 343 966 395 nonum.

128 528 226 580 scca.
240 530 279 582 11.
320 506 512 599 superficie
546 518 732 606 utcunque
764 512 1028 607 refringuntnr,
1063 520 1273 606 antequam
1315 532 1380 583 ac-

138 610 280 712 ss
321 617 454 691 cedant
471 619 520 692 ad
540 624 770 718 superficiem
796 624 903 697 oculi.
957 624 1054 696 Nam
1080 621 1231 718 inipso
1261 622 1379 695 oculo

321 730 414 802 radii
441 757 579 823 omneS,
609 746 743 831 praeter
770 760 876 809 arem
901 736 1076 833 opticnm,
1106 733 1379 831 refringuntur

321 851 390 931 ter,
415 856 458 917 ut
481 869 591 942 supra
613 847 838 921 declaratum
856 860 923 937 cst,
950 872 1081 944 nempe
1098 847 1137 919 in
1154 847 1286 921 tribus
1304 849 1377 922 hu-

322 958 496 1047 moribus,
518 984 648 1056 aquco,
667 962 878 1058 crystallino
897 973 935 1034 et
952 962 1081 1036 vitreo.

110 1078 270 1136 pernionum
373 1079 407 1141 2.
437 1071 475 1143 Si
493 1071 589 1145 linea
612 1086 714 1145 recta
730 1074 980 1169 perspicillum
1007 1071 1377 1169 perpendiculariter

108 1158 283 1259 diffidi.
322 1197 432 1276 secet,
450 1188 569 1284 sitque
595 1191 804 1285 superficies
822 1192 899 1286 ejus
917 1216 991 1263 una
1008 1191 1152 1286 quidem
1182 1191 1375 1286 sphaerice

107 1280 311 1397 fflfflpss
323 1323 496 1391 convexa,
509 1303 625 1376 altera
636 1329 722 1376 vcro
734 1304 790 1376 vel
801 1305 976 1400 sphaerice
991 1328 1155 1378 convexa
1166 1304 1225 1375 vel
1239 1304 1373 1401 plana,

106 1403 310 1512 ξζξζζᾙ
322 1428 580 1512 sumptumque
599 1419 646 1490 sit
663 1418 701 1489 in
719 1441 763 1490 ea
776 1428 878 1490 recta
890 1430 1068 1513 punctum
1082 1417 1243 1505 radians,
1259 1420 1373 1514 cujus

106 1535 311 1641 Pffiuujnoeffi·
321 1528 456 1619 rodina,
483 1530 647 1603 incidens
673 1531 712 1602 in
737 1542 914 1626 punctum
937 1531 1126 1627 quodlibet
1152 1532 1371 1625 superficiei

105 1610 310 1737 {madiani
322 1641 457 1739 dioptri
475 1644 596 1738 ibique
617 1643 809 1732 refractus,
827 1656 925 1716 secet
943 1644 1097 1717 eandem
1115 1655 1259 1715 rectam
1278 1668 1370 1740 pro-

103 1739 153 1783 μ’
163 1732 228 1772 '⁶⁰⁸‘
322 1755 453 1829 ductus
480 1780 525 1829 ex
555 1756 670 1829 altera
694 1769 798 1852 parte
829 1757 987 1853 dioptri;
1019 1756 1141 1830 radius
1168 1780 1191 1828 a
1218 1770 1368 1851 puncto

320 1870 484 1964 quolibet
510 1870 671 1964 ejusdem
688 1882 800 1943 rectae
816 1870 1126 1966 perpendicularis
1148 1870 1366 1961 remotiore,

318 1981 496 2054 refractus
514 1983 551 2056 in
569 1982 698 2055 eodem
723 1998 861 2079 puncto
880 1984 1026 2080 dioptri,
1045 1983 1183 2056 secabit
1201 1982 1367 2056 eandem

317 2095 656 2191 perpendicularem
675 2122 719 2169 ex
744 2097 861 2169 altera
877 2108 983 2193 parte
1001 2095 1135 2191 dioptri
1152 2095 1325 2190 propiuS.

369 2207 564 2303 Dioptrum
589 2209 664 2281 AB
687 2210 740 2301 (in
758 2210 876 2305 figura
891 2210 1022 2305 prima)
1039 2220 1137 2280 secet
1155 2218 1259 2281 recta
1284 2208 1366 2283 CD

318 2322 666 2418 perpendiculariter
692 2323 729 2395 in
755 2324 785 2394 E
804 2334 840 2395 et
859 2324 897 2412 F,
916 2333 1173 2417 sumptumque
1189 2319 1230 2391 in
1247 2344 1295 2394 ea
1313 2321 1367 2396 sit

317 2447 494 2531 punctum
522 2435 564 2524 G,
597 2460 718 2531 aquo
750 2435 873 2508 radius
908 2435 988 2507 GH
1018 2433 1156 2506 incidat
1180 2433 1220 2504 in
1251 2446 1366 2509 ante-

316 2549 451 2621 riorem
477 2549 706 2644 superficiem
729 2548 864 2645 dioptri
882 2548 930 2621 ad
949 2547 984 2621 H
1003 2581 1011 2632 ;
1038 2548 1157 2642 sitque
1175 2545 1364 2621 refractus

315 2663 433 2759 primo
445 2662 493 2734 ad
506 2663 535 2751 I,
547 2673 584 2734 et
597 2662 682 2735 inde
696 2662 743 2734 ad
755 2673 933 2758 punctum
946 2663 1000 2734 M.
1041 2661 1214 2733 Sumatur
1226 2683 1364 2735 rursus

316 2775 416 2848 aliud
441 2787 619 2871 punctum
637 2776 667 2847 C
684 2775 872 2864 remotior,
891 2800 913 2847 a
932 2798 1004 2871 quo
1031 2773 1154 2846 radius
1180 2771 1265 2844 CH
1297 2797 1363 2847 re-

316 2888 453 2961 fractus
471 2889 519 2961 sit
535 2888 584 2960 ad
600 2889 641 2977 L,
660 2899 697 2961 et
722 2887 807 2960 inde
833 2888 880 2960 ad
904 2888 950 2960 D.
1002 2887 1095 2960 Dico
1112 2897 1294 2983 punctum
1322 2888 1361 2961 D

315 3001 465 3098 propius
482 3024 560 3073 esse
578 3001 723 3097 dioptro
742 3025 852 3096 qnam
869 3010 1046 3096 punctum
1064 3000 1117 3071 M.

367 3115 550 3188 Quoniam
564 3115 661 3187 enim
678 3114 771 3203 GH,
790 3113 868 3185 CH
889 3123 1112 3186 concurrunt
1129 3109 1167 3183 in
1181 3110 1231 3200 H,
1245 3111 1360 3186 cadet

315 3227 472 3301 refracta
501 3228 595 3300 radii
626 3227 706 3300 CH
735 3227 833 3299 inter
863 3225 1058 3298 refractam
1087 3222 1181 3296 radii
1207 3223 1288 3296 GH
1316 3238 1358 3300 ct

314 3341 651 3438 perpendicularem
682 3340 778 3413 CD:
814 3350 1009 3434 propterea
1047 3336 1146 3432 quod
1180 3336 1356 3411 refractio

315 3455 517 3544 amborum,
531 3454 658 3527 tamin
674 3453 819 3550 dioptro
833 3477 943 3548 quam
954 3463 1039 3523 ante
1054 3460 1092 3522 et
1107 3474 1203 3546 pone
1217 3450 1354 3546 ipsum,

315 3567 353 3638 in
385 3567 513 3640 eodem
543 3569 587 3640 fit
616 3567 748 3639 medio.
802 3566 949 3638 Secabit
980 3564 1092 3659 igitur
1122 3562 1246 3636 radius
1276 3565 1353 3639 LD

314 3680 654 3776 perpendicularem
678 3680 708 3751 C
721 3680 754 3751 D
772 3680 868 3751 inter
886 3680 926 3750 M
945 3688 983 3749 ct
1000 3679 1039 3749 F.
1092 3676 1245 3772 Propius
1262 3701 1353 3775 ergo

315 3805 371 3865 est
396 3793 542 3888 dioptro
568 3804 746 3889 punctum
764 3793 797 3864 D
817 3816 926 3887 quam
951 3803 1130 3887 punctum
1148 3790 1201 3862 M.
1240 3790 1354 3865 Quod

314 3917 394 3978 erat
409 3906 652 4003 probandum.

364 4019 578 4092 Notandum
605 4030 727 4092 autem
757 4028 824 4105 est,
852 4017 1006 4114 quodsi
1036 4015 1278 4089 determinata
1304 4017 1354 4089 sit

313 4132 493 4227 positione
503 4134 600 4206 linea
611 4133 770 4221 GHIM,
784 4142 1040 4227 sumptumque
1051 4130 1104 4201 ita
1114 4128 1162 4201 sit
1171 4138 1354 4224 punctum

313 4244 355 4333 C,
372 4254 413 4317 ut
430 4245 513 4336 EC,
532 4247 611 4319 FM
638 4246 711 4319 sint
728 4245 897 4341 aequaleS,
916 4242 1040 4315 radius
1067 4242 1198 4315 ductus
1216 4267 1239 4315 a
1256 4242 1287 4315 C
1304 4242 1356 4316 ad
