<?xml version="1.0" encoding="UTF-8"?>
<!DOCTYPE html PUBLIC "-//W3C//DTD XHTML 1.0 Transitional//EN"
    "http://www.w3.org/TR/xhtml1/DTD/xhtml1-transitional.dtd">
<html xmlns="http://www.w3.org/1999/xhtml" xml:lang="en" lang="en">
 <head>
  <title>
</title>
<meta http-equiv="Content-Type" content="text/html;charset=utf-8" />
  <meta name='ocr-system' content='tesseract 3.04.00' />
  <meta name='ocr-capabilities' content='ocr_page ocr_carea ocr_par ocr_line ocrx_word'/>
</head>
<body>
  <div class='ocr_page' id='page_1' title='image "./operaphilosophi00molegoog_0115.png"; bbox 0 0 2940 4980; ppageno 0'>
   <div class='ocr_carea' id='block_1_1' title="bbox 104 534 250 586">
    <p class='ocr_par' dir='ltr' id='par_1_1' title="bbox 104 534 250 586">
     <span class='ocr_line' id='line_1_1' title="bbox 104 534 250 586; baseline -0.007 0"><span class='ocrx_word' id='word_1_1' title='bbox 104 536 201 586; x_wconf 79' lang='lat' dir='ltr'><strong>SECT.</strong></span> <span class='ocrx_word' id='word_1_2' title='bbox 212 534 250 585; x_wconf 87' lang='lat' dir='ltr'><strong>ll.</strong></span> 
     </span>
    </p>
   </div>
   <div class='ocr_carea' id='block_1_2' title="bbox 105 614 248 717">
    <p class='ocr_par' dir='ltr' id='par_1_2' title="bbox 105 614 248 717">
     <span class='ocr_line' id='line_1_2' title="bbox 105 614 248 717; baseline 0 -58"><span class='ocrx_word' id='word_1_3' title='bbox 105 614 248 717; x_wconf 48' lang='lat' dir='ltr'><strong><em>L</em></strong></span> 
     </span>
    </p>
   </div>
   <div class='ocr_carea' id='block_1_3' title="bbox 292 323 938 393">
    <p class='ocr_par' dir='ltr' id='par_1_3' title="bbox 292 323 938 393">
     <span class='ocr_line' id='line_1_3' title="bbox 292 323 938 393; baseline 0.006 -6"><span class='ocrx_word' id='word_1_4' title='bbox 292 323 358 388; x_wconf 79' lang='lat'><strong>104</strong></span> <span class='ocrx_word' id='word_1_5' title='bbox 688 339 740 391; x_wconf 85' lang='lat' dir='ltr'><strong>nu</strong></span> <span class='ocrx_word' id='word_1_6' title='bbox 757 340 938 393; x_wconf 79' lang='lat' dir='ltr'><strong>uourun.</strong></span> 
     </span>
    </p>
   </div>
   <div class='ocr_carea' id='block_1_4' title="bbox 288 504 1369 3660">
    <p class='ocr_par' dir='ltr' id='par_1_4' title="bbox 288 504 1351 2183">
     <span class='ocr_line' id='line_1_4' title="bbox 288 504 1348 601; baseline 0.003 -25"><span class='ocrx_word' id='word_1_7' title='bbox 288 504 529 599; x_wconf 75' lang='lat' dir='ltr'><strong>obJeetorum,</strong></span> <span class='ocrx_word' id='word_1_8' title='bbox 547 528 630 600; x_wconf 87' lang='lat' dir='ltr'><strong>quae</strong></span> <span class='ocrx_word' id='word_1_9' title='bbox 652 505 856 600; x_wconf 88' lang='lat' dir='ltr'><strong>appetimus</strong></span> <span class='ocrx_word' id='word_1_10' title='bbox 878 504 1107 601; x_wconf 80' lang='lat' dir='ltr'><strong>fugimusve,</strong></span> <span class='ocrx_word' id='word_1_11' title='bbox 1128 504 1348 581; x_wconf 81' lang='lat' dir='ltr'><strong>diversitate</strong></span> 
     </span>
     <span class='ocr_line' id='line_1_5' title="bbox 289 617 1347 717; baseline 0.001 -27"><span class='ocrx_word' id='word_1_12' title='bbox 289 630 327 690; x_wconf 89' lang='lat' dir='ltr'><strong>et</strong></span> <span class='ocrx_word' id='word_1_13' title='bbox 343 617 635 691; x_wconf 82' lang='lat' dir='ltr'><strong>circumstantiis.</strong></span> <span class='ocrx_word' id='word_1_14' title='bbox 671 619 854 693; x_wconf 88' lang='lat' dir='ltr'><strong>Dicuntur</strong></span> <span class='ocrx_word' id='word_1_15' title='bbox 870 630 993 693; x_wconf 89' lang='lat' dir='ltr'><strong>autem</strong></span> <span class='ocrx_word' id='word_1_16' title='bbox 1008 618 1347 717; x_wconf 75' lang='lat' dir='ltr'><strong>perturbationes,</strong></span> 
     </span>
     <span class='ocr_line' id='line_1_6' title="bbox 289 730 1349 829; baseline 0.002 -26"><span class='ocrx_word' id='word_1_17' title='bbox 289 741 484 826; x_wconf 86' lang='lat' dir='ltr'><strong>propterea</strong></span> <span class='ocrx_word' id='word_1_18' title='bbox 506 730 605 826; x_wconf 88' lang='lat' dir='ltr'><strong>quod</strong></span> <span class='ocrx_word' id='word_1_19' title='bbox 628 732 793 807; x_wconf 88' lang='lat' dir='ltr'><strong>officiunt</strong></span> <span class='ocrx_word' id='word_1_20' title='bbox 813 733 1030 829; x_wconf 88' lang='lat' dir='ltr'><strong>plerumque</strong></span> <span class='ocrx_word' id='word_1_21' title='bbox 1053 744 1187 807; x_wconf 85' lang='lat' dir='ltr'><strong>rectae</strong></span> <span class='ocrx_word' id='word_1_22' title='bbox 1205 730 1349 807; x_wconf 87' lang='lat' dir='ltr'><strong>ratioci-</strong></span> 
     </span>
     <span class='ocr_line' id='line_1_7' title="bbox 289 843 1349 933; baseline 0.006 -18"><span class='ocrx_word' id='word_1_23' title='bbox 289 843 440 916; x_wconf 88' lang='lat' dir='ltr'><strong>nationi.</strong></span> <span class='ocrx_word' id='word_1_24' title='bbox 471 844 646 918; x_wconf 86' lang='lat' dir='ltr'><strong>Officiunt</strong></span> <span class='ocrx_word' id='word_1_25' title='bbox 662 857 784 919; x_wconf 88' lang='lat' dir='ltr'><strong>autem</strong></span> <span class='ocrx_word' id='word_1_26' title='bbox 802 846 1072 920; x_wconf 82' lang='lat' dir='ltr'><strong>ratiocinationi</strong></span> <span class='ocrx_word' id='word_1_27' title='bbox 1093 858 1224 921; x_wconf 80' lang='lat' dir='ltr'><strong>reetae</strong></span> <span class='ocrx_word' id='word_1_28' title='bbox 1242 846 1283 920; x_wconf 93' lang='lat' dir='ltr'><strong>in</strong></span> <span class='ocrx_word' id='word_1_29' title='bbox 1299 870 1349 933; x_wconf 87' lang='lat' dir='ltr'><strong>eo,</strong></span> 
     </span>
     <span class='ocr_line' id='line_1_8' title="bbox 291 956 1351 1057; baseline 0.004 -28"><span class='ocrx_word' id='word_1_30' title='bbox 291 956 392 1053; x_wconf 91' lang='lat' dir='ltr'><strong>quod</strong></span> <span class='ocrx_word' id='word_1_31' title='bbox 410 968 539 1030; x_wconf 87' lang='lat' dir='ltr'><strong>contra</strong></span> <span class='ocrx_word' id='word_1_32' title='bbox 561 958 699 1033; x_wconf 91' lang='lat' dir='ltr'><strong>bonum</strong></span> <span class='ocrx_word' id='word_1_33' title='bbox 721 984 849 1033; x_wconf 82' lang='lat' dir='ltr'><strong>verum</strong></span> <span class='ocrx_word' id='word_1_34' title='bbox 871 984 939 1057; x_wconf 88' lang='lat' dir='ltr'><strong>pro</strong></span> <span class='ocrx_word' id='word_1_35' title='bbox 961 972 1177 1055; x_wconf 81' lang='lat' dir='ltr'><strong>apparente</strong></span> <span class='ocrx_word' id='word_1_36' title='bbox 1205 972 1249 1035; x_wconf 89' lang='lat' dir='ltr'><strong>et</strong></span> <span class='ocrx_word' id='word_1_37' title='bbox 1265 982 1351 1056; x_wconf 83' lang='lat' dir='ltr'><strong>prae·</strong></span> 
     </span>
     <span class='ocr_line' id='line_1_9' title="bbox 292 1069 1351 1169; baseline 0.005 -28"><span class='ocrx_word' id='word_1_38' title='bbox 292 1069 497 1142; x_wconf 89' lang='lat' dir='ltr'><strong>sentissimo</strong></span> <span class='ocrx_word' id='word_1_39' title='bbox 530 1071 627 1144; x_wconf 91' lang='lat' dir='ltr'><strong>bono</strong></span> <span class='ocrx_word' id='word_1_40' title='bbox 662 1072 831 1161; x_wconf 89' lang='lat' dir='ltr'><strong>militant,</strong></span> <span class='ocrx_word' id='word_1_41' title='bbox 861 1072 961 1169; x_wconf 90' lang='lat' dir='ltr'><strong>quod</strong></span> <span class='ocrx_word' id='word_1_42' title='bbox 990 1072 1241 1169; x_wconf 88' lang='lat' dir='ltr'><strong>plerumque,</strong></span> <span class='ocrx_word' id='word_1_43' title='bbox 1273 1096 1351 1169; x_wconf 89' lang='lat' dir='ltr'><strong>per-</strong></span> 
     </span>
     <span class='ocr_line' id='line_1_10' title="bbox 292 1182 1349 1279; baseline 0.004 -26"><span class='ocrx_word' id='word_1_44' title='bbox 292 1182 413 1277; x_wconf 88' lang='lat' dir='ltr'><strong>pensis</strong></span> <span class='ocrx_word' id='word_1_45' title='bbox 443 1182 610 1255; x_wconf 89' lang='lat' dir='ltr'><strong>omnibus</strong></span> <span class='ocrx_word' id='word_1_46' title='bbox 639 1183 834 1279; x_wconf 86' lang='lat' dir='ltr'><strong>adjunctis,</strong></span> <span class='ocrx_word' id='word_1_47' title='bbox 864 1185 1050 1258; x_wconf 87' lang='lat' dir='ltr'><strong>invenitur</strong></span> <span class='ocrx_word' id='word_1_48' title='bbox 1076 1208 1167 1259; x_wconf 88' lang='lat' dir='ltr'><strong>esse</strong></span> <span class='ocrx_word' id='word_1_49' title='bbox 1198 1186 1349 1260; x_wconf 81' lang='lat' dir='ltr'><strong>malum</strong></span> 
     </span>
     <span class='ocr_line' id='line_1_11' title="bbox 293 1294 1350 1394; baseline 0.003 -26"><span class='ocrx_word' id='word_1_50' title='bbox 293 1296 389 1368; x_wconf 90' lang='lat' dir='ltr'><strong>Nam</strong></span> <span class='ocrx_word' id='word_1_51' title='bbox 417 1319 463 1368; x_wconf 86' lang='lat' dir='ltr'><strong>ex</strong></span> <span class='ocrx_word' id='word_1_52' title='bbox 488 1294 627 1368; x_wconf 88' lang='lat' dir='ltr'><strong>foedere</strong></span> <span class='ocrx_word' id='word_1_53' title='bbox 654 1296 765 1368; x_wconf 88' lang='lat' dir='ltr'><strong>animi</strong></span> <span class='ocrx_word' id='word_1_54' title='bbox 790 1309 827 1369; x_wconf 91' lang='lat' dir='ltr'><strong>et</strong></span> <span class='ocrx_word' id='word_1_55' title='bbox 850 1297 1012 1394; x_wconf 86' lang='lat' dir='ltr'><strong>corporis</strong></span> <span class='ocrx_word' id='word_1_56' title='bbox 1034 1309 1105 1387; x_wconf 91' lang='lat' dir='ltr'><strong>est,</strong></span> <span class='ocrx_word' id='word_1_57' title='bbox 1125 1310 1175 1371; x_wconf 86' lang='lat' dir='ltr'><strong>ut</strong></span> <span class='ocrx_word' id='word_1_58' title='bbox 1201 1298 1350 1373; x_wconf 87' lang='lat' dir='ltr'><strong>initium</strong></span> 
     </span>
     <span class='ocr_line' id='line_1_12' title="bbox 294 1408 1351 1506; baseline 0.002 -25"><span class='ocrx_word' id='word_1_59' title='bbox 294 1408 440 1504; x_wconf 91' lang='lat' dir='ltr'><strong>quidem</strong></span> <span class='ocrx_word' id='word_1_60' title='bbox 458 1408 662 1503; x_wconf 83' lang='lat' dir='ltr'><strong>exequendi</strong></span> <span class='ocrx_word' id='word_1_61' title='bbox 685 1410 732 1481; x_wconf 90' lang='lat' dir='ltr'><strong>ab</strong></span> <span class='ocrx_word' id='word_1_62' title='bbox 755 1410 933 1506; x_wconf 90' lang='lat' dir='ltr'><strong>appetitu,</strong></span> <span class='ocrx_word' id='word_1_63' title='bbox 956 1410 1156 1484; x_wconf 89' lang='lat' dir='ltr'><strong>consilium</strong></span> <span class='ocrx_word' id='word_1_64' title='bbox 1180 1424 1351 1485; x_wconf 87' lang='lat' dir='ltr'><strong>autema</strong></span> 
     </span>
     <span class='ocr_line' id='line_1_13' title="bbox 294 1522 1351 1621; baseline 0.004 -27"><span class='ocrx_word' id='word_1_65' title='bbox 294 1523 436 1596; x_wconf 87' lang='lat' dir='ltr'><strong>ratione</strong></span> <span class='ocrx_word' id='word_1_66' title='bbox 452 1522 510 1593; x_wconf 88' lang='lat' dir='ltr'><strong>sit.</strong></span> <span class='ocrx_word' id='word_1_67' title='bbox 563 1523 703 1618; x_wconf 87' lang='lat' dir='ltr'><strong>Itaque,</strong></span> <span class='ocrx_word' id='word_1_68' title='bbox 727 1547 811 1595; x_wconf 89' lang='lat' dir='ltr'><strong>curn</strong></span> <span class='ocrx_word' id='word_1_69' title='bbox 832 1525 970 1596; x_wconf 90' lang='lat' dir='ltr'><strong>bonum</strong></span> <span class='ocrx_word' id='word_1_70' title='bbox 987 1546 1116 1596; x_wconf 88' lang='lat' dir='ltr'><strong>verum</strong></span> <span class='ocrx_word' id='word_1_71' title='bbox 1135 1523 1179 1597; x_wconf 90' lang='lat' dir='ltr'><strong>in</strong></span> <span class='ocrx_word' id='word_1_72' title='bbox 1203 1524 1351 1621; x_wconf 85' lang='lat' dir='ltr'><strong>longin-</strong></span> 
     </span>
     <span class='ocr_line' id='line_1_14' title="bbox 296 1634 1350 1733; baseline 0.003 -25"><span class='ocrx_word' id='word_1_73' title='bbox 296 1659 409 1731; x_wconf 90' lang='lat' dir='ltr'><strong>quum</strong></span> <span class='ocrx_word' id='word_1_74' title='bbox 420 1634 676 1731; x_wconf 88' lang='lat' dir='ltr'><strong>prospiciendo</strong></span> <span class='ocrx_word' id='word_1_75' title='bbox 692 1637 929 1732; x_wconf 85' lang='lat' dir='ltr'><strong>quaerendum</strong></span> <span class='ocrx_word' id='word_1_76' title='bbox 942 1638 1001 1726; x_wconf 88' lang='lat' dir='ltr'><strong>sit,</strong></span> <span class='ocrx_word' id='word_1_77' title='bbox 1015 1637 1055 1709; x_wconf 93' lang='lat' dir='ltr'><strong>id</strong></span> <span class='ocrx_word' id='word_1_78' title='bbox 1067 1637 1175 1733; x_wconf 89' lang='lat' dir='ltr'><strong>qnod</strong></span> <span class='ocrx_word' id='word_1_79' title='bbox 1192 1636 1350 1711; x_wconf 86' lang='lat' dir='ltr'><strong>rationis</strong></span> 
     </span>
     <span class='ocr_line' id='line_1_15' title="bbox 295 1747 1349 1847; baseline 0.003 -27"><span class='ocrx_word' id='word_1_80' title='bbox 295 1772 386 1843; x_wconf 89' lang='lat' dir='ltr'><strong>opus</strong></span> <span class='ocrx_word' id='word_1_81' title='bbox 399 1760 468 1837; x_wconf 90' lang='lat' dir='ltr'><strong>est,</strong></span> <span class='ocrx_word' id='word_1_82' title='bbox 481 1747 610 1843; x_wconf 86' lang='lat' dir='ltr'><strong>arripit</strong></span> <span class='ocrx_word' id='word_1_83' title='bbox 622 1749 807 1844; x_wconf 86' lang='lat' dir='ltr'><strong>appetitus</strong></span> <span class='ocrx_word' id='word_1_84' title='bbox 821 1750 959 1822; x_wconf 90' lang='lat' dir='ltr'><strong>bonum</strong></span> <span class='ocrx_word' id='word_1_85' title='bbox 971 1772 1148 1845; x_wconf 79' lang='lat' dir='ltr'><strong>praesens,</strong></span> <span class='ocrx_word' id='word_1_86' title='bbox 1161 1774 1247 1825; x_wconf 92' lang='lat' dir='ltr'><strong>non</strong></span> <span class='ocrx_word' id='word_1_87' title='bbox 1257 1770 1349 1847; x_wconf 83' lang='lat' dir='ltr'><strong>prte-</strong></span> 
     </span>
     <span class='ocr_line' id='line_1_16' title="bbox 294 1860 1349 1956; baseline 0.002 -23"><span class='ocrx_word' id='word_1_88' title='bbox 294 1860 382 1933; x_wconf 89' lang='lat' dir='ltr'><strong>visis</strong></span> <span class='ocrx_word' id='word_1_89' title='bbox 393 1885 475 1956; x_wconf 88' lang='lat' dir='ltr'><strong>quae</strong></span> <span class='ocrx_word' id='word_1_90' title='bbox 486 1860 554 1956; x_wconf 88' lang='lat' dir='ltr'><strong>ipsi</strong></span> <span class='ocrx_word' id='word_1_91' title='bbox 567 1861 769 1933; x_wconf 88' lang='lat' dir='ltr'><strong>necessario</strong></span> <span class='ocrx_word' id='word_1_92' title='bbox 780 1862 970 1935; x_wconf 71' lang='lat' dir='ltr'><strong>adhaerent</strong></span> <span class='ocrx_word' id='word_1_93' title='bbox 979 1862 1122 1956; x_wconf 90' lang='lat' dir='ltr'><strong>majora</strong></span> <span class='ocrx_word' id='word_1_94' title='bbox 1128 1862 1250 1936; x_wconf 88' lang='lat' dir='ltr'><strong>mala.</strong></span> <span class='ocrx_word' id='word_1_95' title='bbox 1265 1862 1349 1937; x_wconf 88' lang='lat' dir='ltr'><strong>Per·</strong></span> 
     </span>
     <span class='ocr_line' id='line_1_17' title="bbox 296 1973 1349 2071; baseline 0.002 -24"><span class='ocrx_word' id='word_1_96' title='bbox 296 1974 421 2047; x_wconf 87' lang='lat' dir='ltr'><strong>turbat</strong></span> <span class='ocrx_word' id='word_1_97' title='bbox 438 1996 526 2068; x_wconf 86' lang='lat' dir='ltr'><strong>ergo</strong></span> <span class='ocrx_word' id='word_1_98' title='bbox 547 1986 585 2045; x_wconf 91' lang='lat' dir='ltr'><strong>et</strong></span> <span class='ocrx_word' id='word_1_99' title='bbox 601 1973 754 2069; x_wconf 88' lang='lat' dir='ltr'><strong>impedit</strong></span> <span class='ocrx_word' id='word_1_100' title='bbox 772 1974 1020 2071; x_wconf 87' lang='lat' dir='ltr'><strong>operationem</strong></span> <span class='ocrx_word' id='word_1_101' title='bbox 1037 1973 1220 2060; x_wconf 80' lang='lat' dir='ltr'><strong>rationis3</strong></span> <span class='ocrx_word' id='word_1_102' title='bbox 1248 1974 1349 2049; x_wconf 88' lang='lat' dir='ltr'><strong>unde</strong></span> 
     </span>
     <span class='ocr_line' id='line_1_18' title="bbox 296 2085 815 2183; baseline 0.004 -24"><span class='ocrx_word' id='word_1_103' title='bbox 296 2102 397 2160; x_wconf 87' lang='lat' dir='ltr'><strong>recte</strong></span> <span class='ocrx_word' id='word_1_104' title='bbox 415 2085 548 2158; x_wconf 89' lang='lat' dir='ltr'><strong>dicitur</strong></span> <span class='ocrx_word' id='word_1_105' title='bbox 561 2087 815 2183; x_wconf 77' lang='lat' dir='ltr'><strong>perturbatio.</strong></span> 
     </span>
    </p>

    <p class='ocr_par' dir='ltr' id='par_1_5' title="bbox 296 2199 1369 2749">
     <span class='ocr_line' id='line_1_19' title="bbox 348 2199 1369 2275; baseline 0.002 -2"><span class='ocrx_word' id='word_1_106' title='bbox 348 2201 565 2274; x_wconf 89' lang='lat' dir='ltr'><strong>Consistunt</strong></span> <span class='ocrx_word' id='word_1_107' title='bbox 576 2213 700 2274; x_wconf 90' lang='lat' dir='ltr'><strong>autern</strong></span> <span class='ocrx_word' id='word_1_108' title='bbox 713 2203 865 2275; x_wconf 87' lang='lat' dir='ltr'><strong>affectus</strong></span> <span class='ocrx_word' id='word_1_109' title='bbox 877 2202 915 2274; x_wconf 90' lang='lat' dir='ltr'><strong>in</strong></span> <span class='ocrx_word' id='word_1_110' title='bbox 927 2200 1077 2274; x_wconf 88' lang='lat' dir='ltr'><strong>diversis</strong></span> <span class='ocrx_word' id='word_1_111' title='bbox 1086 2199 1257 2275; x_wconf 88' lang='lat' dir='ltr'><strong>motibus</strong></span> <span class='ocrx_word' id='word_1_112' title='bbox 1268 2224 1369 2275; x_wconf 74' lang='lat' dir='ltr'><strong>san·‘</strong></span> 
     </span>
     <span class='ocr_line' id='line_1_20' title="bbox 296 2312 1350 2411; baseline -0.001 -23"><span class='ocrx_word' id='word_1_113' title='bbox 296 2314 417 2411; x_wconf 82' lang='lat' dir='ltr'><strong>guinis</strong></span> <span class='ocrx_word' id='word_1_114' title='bbox 435 2327 473 2387; x_wconf 91' lang='lat' dir='ltr'><strong>et</strong></span> <span class='ocrx_word' id='word_1_115' title='bbox 490 2313 682 2411; x_wconf 88' lang='lat' dir='ltr'><strong>spirituum</strong></span> <span class='ocrx_word' id='word_1_116' title='bbox 699 2315 921 2406; x_wconf 91' lang='lat' dir='ltr'><strong>animalium,</strong></span> <span class='ocrx_word' id='word_1_117' title='bbox 935 2326 1046 2410; x_wconf 89' lang='lat' dir='ltr'><strong>prout</strong></span> <span class='ocrx_word' id='word_1_118' title='bbox 1059 2337 1098 2387; x_wconf 92' lang='lat' dir='ltr'><strong>se</strong></span> <span class='ocrx_word' id='word_1_119' title='bbox 1109 2313 1216 2386; x_wconf 87' lang='lat' dir='ltr'><strong>varie</strong></span> <span class='ocrx_word' id='word_1_120' title='bbox 1233 2312 1350 2389; x_wconf 87' lang='lat' dir='ltr'><strong>modo</strong></span> 
     </span>
     <span class='ocr_line' id='line_1_21' title="bbox 298 2427 1352 2525; baseline 0 -24"><span class='ocrx_word' id='word_1_121' title='bbox 298 2428 522 2525; x_wconf 83' lang='lat' dir='ltr'><strong>expandunt,</strong></span> <span class='ocrx_word' id='word_1_122' title='bbox 540 2428 650 2501; x_wconf 90' lang='lat' dir='ltr'><strong>modo</strong></span> <span class='ocrx_word' id='word_1_123' title='bbox 668 2429 716 2501; x_wconf 90' lang='lat' dir='ltr'><strong>ad</strong></span> <span class='ocrx_word' id='word_1_124' title='bbox 732 2429 872 2502; x_wconf 88' lang='lat' dir='ltr'><strong>fontem</strong></span> <span class='ocrx_word' id='word_1_125' title='bbox 890 2453 928 2501; x_wconf 88' lang='lat' dir='ltr'><strong>se</strong></span> <span class='ocrx_word' id='word_1_126' title='bbox 949 2427 1154 2524; x_wconf 88' lang='lat' dir='ltr'><strong>recipiunt;</strong></span> <span class='ocrx_word' id='word_1_127' title='bbox 1183 2450 1352 2525; x_wconf 90' lang='lat' dir='ltr'><strong>quorum</strong></span> 
     </span>
     <span class='ocr_line' id='line_1_22' title="bbox 297 2540 1352 2638; baseline 0.001 -24"><span class='ocrx_word' id='word_1_128' title='bbox 297 2553 465 2615; x_wconf 90' lang='lat' dir='ltr'><strong>motuum</strong></span> <span class='ocrx_word' id='word_1_129' title='bbox 485 2564 604 2615; x_wconf 89' lang='lat' dir='ltr'><strong>causae</strong></span> <span class='ocrx_word' id='word_1_130' title='bbox 630 2554 717 2615; x_wconf 91' lang='lat' dir='ltr'><strong>sunt</strong></span> <span class='ocrx_word' id='word_1_131' title='bbox 739 2543 998 2638; x_wconf 83' lang='lat' dir='ltr'><strong>phantasmata</strong></span> <span class='ocrx_word' id='word_1_132' title='bbox 1022 2541 1122 2614; x_wconf 89' lang='lat' dir='ltr'><strong>circa</strong></span> <span class='ocrx_word' id='word_1_133' title='bbox 1145 2540 1296 2615; x_wconf 90' lang='lat' dir='ltr'><strong>bonum</strong></span> <span class='ocrx_word' id='word_1_134' title='bbox 1313 2550 1352 2615; x_wconf 87' lang='lat' dir='ltr'><strong>et</strong></span> 
     </span>
     <span class='ocr_line' id='line_1_23' title="bbox 298 2654 1056 2749; baseline 0.001 -22"><span class='ocrx_word' id='word_1_135' title='bbox 298 2655 434 2727; x_wconf 87' lang='lat' dir='ltr'><strong>malurn</strong></span> <span class='ocrx_word' id='word_1_136' title='bbox 454 2654 499 2727; x_wconf 90' lang='lat' dir='ltr'><strong>ab</strong></span> <span class='ocrx_word' id='word_1_137' title='bbox 518 2654 671 2749; x_wconf 77' lang='lat' dir='ltr'><strong>obJectis</strong></span> <span class='ocrx_word' id='word_1_138' title='bbox 689 2655 727 2727; x_wconf 94' lang='lat' dir='ltr'><strong>in</strong></span> <span class='ocrx_word' id='word_1_139' title='bbox 745 2654 867 2729; x_wconf 91' lang='lat' dir='ltr'><strong>animo</strong></span> <span class='ocrx_word' id='word_1_140' title='bbox 884 2656 1056 2729; x_wconf 87' lang='lat' dir='ltr'><strong>excitata.</strong></span> 
     </span>
    </p>

    <p class='ocr_par' dir='ltr' id='par_1_6' title="bbox 300 2752 1352 3660">
     <span class='ocr_line' id='line_1_24' title="bbox 350 2752 1352 2865; baseline 0 -24"><span class='ocrx_word' id='word_1_141' title='bbox 350 2777 385 2841; x_wconf 83' lang='lat'><strong>2.</strong></span> <span class='ocrx_word' id='word_1_142' title='bbox 414 2768 604 2843; x_wconf 76' lang='lat' dir='ltr'><strong>Quatenus</strong></span> <span class='ocrx_word' id='word_1_143' title='bbox 617 2767 822 2864; x_wconf 90' lang='lat' dir='ltr'><strong>concipitur</strong></span> <span class='ocrx_word' id='word_1_144' title='bbox 835 2770 881 2842; x_wconf 90' lang='lat' dir='ltr'><strong>ab</strong></span> <span class='ocrx_word' id='word_1_145' title='bbox 894 2768 1017 2865; x_wconf 88' lang='lat' dir='ltr'><strong>aliquo</strong></span> <span class='ocrx_word' id='word_1_146' title='bbox 1034 2768 1173 2841; x_wconf 91' lang='lat' dir='ltr'><strong>bonum</strong></span> <span class='ocrx_word' id='word_1_147' title='bbox 1190 2766 1266 2841; x_wconf 90' lang='lat' dir='ltr'><strong>sibi</strong></span> <span class='ocrx_word' id='word_1_148' title='bbox 1282 2752 1352 2841; x_wconf 83' lang='lat' dir='ltr'><strong>ad·</strong></span> 
     </span>
     <span class='ocr_line' id='line_1_25' title="bbox 300 2881 1351 2978; baseline 0.001 -24"><span class='ocrx_word' id='word_1_149' title='bbox 300 2882 461 2970; x_wconf 88' lang='lat' dir='ltr'><strong>veniens,</strong></span> <span class='ocrx_word' id='word_1_150' title='bbox 479 2882 556 2955; x_wconf 91' lang='lat' dir='ltr'><strong>sine</strong></span> <span class='ocrx_word' id='word_1_151' title='bbox 574 2881 870 2978; x_wconf 88' lang='lat' dir='ltr'><strong>compensatione</strong></span> <span class='ocrx_word' id='word_1_152' title='bbox 887 2882 994 2955; x_wconf 92' lang='lat' dir='ltr'><strong>ullius</strong></span> <span class='ocrx_word' id='word_1_153' title='bbox 1011 2881 1098 2955; x_wconf 88' lang='lat' dir='ltr'><strong>mali</strong></span> <span class='ocrx_word' id='word_1_154' title='bbox 1115 2904 1351 2977; x_wconf 89' lang='lat' dir='ltr'><strong>consequen-</strong></span> 
     </span>
     <span class='ocr_line' id='line_1_26' title="bbox 301 2994 1349 3091; baseline -0.001 -23"><span class='ocrx_word' id='word_1_155' title='bbox 301 2996 362 3083; x_wconf 88' lang='lat' dir='ltr'><strong>tis,</strong></span> <span class='ocrx_word' id='word_1_156' title='bbox 380 3019 463 3091; x_wconf 80' lang='lat' dir='ltr'><strong>quae</strong></span> <span class='ocrx_word' id='word_1_157' title='bbox 479 2996 566 3068; x_wconf 90' lang='lat' dir='ltr'><strong>boni</strong></span> <span class='ocrx_word' id='word_1_158' title='bbox 583 2996 709 3068; x_wconf 83' lang='lat' dir='ltr'><strong>fruitio</strong></span> <span class='ocrx_word' id='word_1_159' title='bbox 727 3008 793 3085; x_wconf 91' lang='lat' dir='ltr'><strong>est,</strong></span> <span class='ocrx_word' id='word_1_160' title='bbox 811 2998 963 3069; x_wconf 85' lang='lat' dir='ltr'><strong>effectus</strong></span> <span class='ocrx_word' id='word_1_161' title='bbox 979 3006 1132 3069; x_wconf 89' lang='lat' dir='ltr'><strong>vocatur</strong></span> <span class='ocrx_word' id='word_1_162' title='bbox 1146 2994 1349 3091; x_wconf 67' lang='lat' dir='ltr'><strong>goudium.</strong></span> 
     </span>
     <span class='ocr_line' id='line_1_27' title="bbox 302 3108 1350 3207; baseline 0 -26"><span class='ocrx_word' id='word_1_163' title='bbox 302 3108 442 3182; x_wconf 87' lang='lat' dir='ltr'><strong>Contra</strong></span> <span class='ocrx_word' id='word_1_164' title='bbox 458 3120 593 3199; x_wconf 88' lang='lat' dir='ltr'><strong>autem,</strong></span> <span class='ocrx_word' id='word_1_165' title='bbox 612 3110 675 3207; x_wconf 92' lang='lat' dir='ltr'><strong>qui</strong></span> <span class='ocrx_word' id='word_1_166' title='bbox 698 3110 860 3207; x_wconf 88' lang='lat' dir='ltr'><strong>concipit</strong></span> <span class='ocrx_word' id='word_1_167' title='bbox 877 3110 1013 3182; x_wconf 87' lang='lat' dir='ltr'><strong>malum</strong></span> <span class='ocrx_word' id='word_1_168' title='bbox 1036 3109 1105 3182; x_wconf 91' lang='lat' dir='ltr'><strong>sibi</strong></span> <span class='ocrx_word' id='word_1_169' title='bbox 1128 3108 1350 3181; x_wconf 86' lang='lat' dir='ltr'><strong>incumbens</strong></span> 
     </span>
     <span class='ocr_line' id='line_1_28' title="bbox 302 3222 1349 3320; baseline -0.001 -24"><span class='ocrx_word' id='word_1_170' title='bbox 302 3223 379 3296; x_wconf 89' lang='lat' dir='ltr'><strong>sine</strong></span> <span class='ocrx_word' id='word_1_171' title='bbox 391 3236 585 3319; x_wconf 79' lang='lat' dir='ltr'><strong>,conceptu</strong></span> <span class='ocrx_word' id='word_1_172' title='bbox 606 3224 694 3297; x_wconf 92' lang='lat' dir='ltr'><strong>boni</strong></span> <span class='ocrx_word' id='word_1_173' title='bbox 721 3224 820 3320; x_wconf 93' lang='lat' dir='ltr'><strong>quod</strong></span> <span class='ocrx_word' id='word_1_174' title='bbox 845 3224 981 3297; x_wconf 89' lang='lat' dir='ltr'><strong>malum</strong></span> <span class='ocrx_word' id='word_1_175' title='bbox 997 3222 1099 3297; x_wconf 92' lang='lat' dir='ltr'><strong>illum</strong></span> <span class='ocrx_word' id='word_1_176' title='bbox 1117 3230 1349 3318; x_wconf 84' lang='lat' dir='ltr'><strong>compenset,</strong></span> 
     </span>
     <span class='ocr_line' id='line_1_29' title="bbox 302 3336 1349 3432; baseline 0.001 -24"><span class='ocrx_word' id='word_1_177' title='bbox 302 3336 454 3410; x_wconf 83' lang='lat' dir='ltr'><strong>affectus</strong></span> <span class='ocrx_word' id='word_1_178' title='bbox 472 3338 550 3432; x_wconf 90' lang='lat' dir='ltr'><strong>ejus</strong></span> <span class='ocrx_word' id='word_1_179' title='bbox 567 3349 721 3411; x_wconf 88' lang='lat' dir='ltr'><strong>vocatur</strong></span> <span class='ocrx_word' id='word_1_180' title='bbox 738 3337 889 3421; x_wconf 64' lang='lat' dir='ltr'><strong>odium</strong></span> <span class='ocrx_word' id='word_1_181' title='bbox 906 3349 945 3411; x_wconf 93' lang='lat' dir='ltr'><strong>et</strong></span> <span class='ocrx_word' id='word_1_182' title='bbox 962 3338 1099 3410; x_wconf 83' lang='lat' dir='ltr'><strong>malum</strong></span> <span class='ocrx_word' id='word_1_183' title='bbox 1115 3360 1236 3425; x_wconf 91' lang='lat' dir='ltr'><strong>omne,</strong></span> <span class='ocrx_word' id='word_1_184' title='bbox 1254 3360 1349 3432; x_wconf 85' lang='lat' dir='ltr'><strong>qua·</strong></span> 
     </span>
     <span class='ocr_line' id='line_1_30' title="bbox 302 3448 1350 3545; baseline 0.001 -23"><span class='ocrx_word' id='word_1_185' title='bbox 302 3462 410 3523; x_wconf 90' lang='lat' dir='ltr'><strong>tenus</strong></span> <span class='ocrx_word' id='word_1_186' title='bbox 426 3450 616 3539; x_wconf 91' lang='lat' dir='ltr'><strong>incumbit,</strong></span> <span class='ocrx_word' id='word_1_187' title='bbox 635 3450 800 3522; x_wconf 79' lang='lat' dir='ltr'><strong>odiosum</strong></span> <span class='ocrx_word' id='word_1_188' title='bbox 819 3449 964 3522; x_wconf 90' lang='lat' dir='ltr'><strong>dicitur.</strong></span> <span class='ocrx_word' id='word_1_189' title='bbox 991 3450 1118 3545; x_wconf 87' lang='lat' dir='ltr'><strong>ltaque</strong></span> <span class='ocrx_word' id='word_1_190' title='bbox 1134 3448 1243 3538; x_wconf 86' lang='lat' dir='ltr'><strong>mala,</strong></span> <span class='ocrx_word' id='word_1_191' title='bbox 1262 3472 1350 3545; x_wconf 78' lang='lat' dir='ltr'><strong>quse</strong></span> 
     </span>
     <span class='ocr_line' id='line_1_31' title="bbox 300 3560 1297 3660; baseline -0.001 -24"><span class='ocrx_word' id='word_1_192' title='bbox 300 3587 420 3660; x_wconf 90' lang='lat' dir='ltr'><strong>neque</strong></span> <span class='ocrx_word' id='word_1_193' title='bbox 437 3587 608 3658; x_wconf 87' lang='lat' dir='ltr'><strong>superare</strong></span> <span class='ocrx_word' id='word_1_194' title='bbox 624 3585 745 3658; x_wconf 90' lang='lat' dir='ltr'><strong>neque</strong></span> <span class='ocrx_word' id='word_1_195' title='bbox 761 3563 898 3636; x_wconf 85' lang='lat' dir='ltr'><strong>evitare</strong></span> <span class='ocrx_word' id='word_1_196' title='bbox 914 3585 1119 3658; x_wconf 87' lang='lat' dir='ltr'><strong>possumus,</strong></span> <span class='ocrx_word' id='word_1_197' title='bbox 1137 3560 1297 3635; x_wconf 73' lang='lat' dir='ltr'><strong>odimus.</strong></span> 
     </span>
    </p>
   </div>
   <div class='ocr_carea' id='block_1_5' title="bbox 270 3672 1351 3771">
    <p class='ocr_par' dir='ltr' id='par_1_7' title="bbox 270 3672 1351 3771">
     <span class='ocr_line' id='line_1_32' title="bbox 270 3672 1351 3771; baseline 0 -22"><span class='ocrx_word' id='word_1_198' title='bbox 270 3728 275 3740; x_wconf 84' lang='lat'><strong>.</strong></span> <span class='ocrx_word' id='word_1_199' title='bbox 353 3685 387 3749; x_wconf 89' lang='grc'><strong>3.</strong></span> <span class='ocrx_word' id='word_1_200' title='bbox 415 3674 575 3750; x_wconf 80' lang='lat' dir='ltr'><strong>Quando</strong></span> <span class='ocrx_word' id='word_1_201' title='bbox 599 3699 686 3748; x_wconf 89' lang='lat' dir='ltr'><strong>vero</strong></span> <span class='ocrx_word' id='word_1_202' title='bbox 711 3674 936 3771; x_wconf 88' lang='lat' dir='ltr'><strong>concipimus</strong></span> <span class='ocrx_word' id='word_1_203' title='bbox 957 3699 1134 3748; x_wconf 91' lang='lat' dir='ltr'><strong>unacum</strong></span> <span class='ocrx_word' id='word_1_204' title='bbox 1149 3672 1249 3747; x_wconf 88' lang='lat' dir='ltr'><strong>malo</strong></span> <span class='ocrx_word' id='word_1_205' title='bbox 1265 3698 1351 3753; x_wconf 90' lang='lat' dir='ltr'><strong>mu-</strong></span> 
     </span>
    </p>
   </div>
   <div class='ocr_carea' id='block_1_6' title="bbox 303 3787 1353 4339">
    <p class='ocr_par' dir='ltr' id='par_1_8' title="bbox 303 3787 1353 4339">
     <span class='ocr_line' id='line_1_33' title="bbox 303 3787 1352 3886; baseline -0.003 -24"><span class='ocrx_word' id='word_1_206' title='bbox 303 3788 481 3862; x_wconf 90' lang='lat' dir='ltr'><strong>tationem</strong></span> <span class='ocrx_word' id='word_1_207' title='bbox 516 3790 594 3883; x_wconf 84' lang='lat' dir='ltr'><strong>eJ‘us</strong></span> <span class='ocrx_word' id='word_1_208' title='bbox 629 3812 696 3886; x_wconf 88' lang='lat' dir='ltr'><strong>per</strong></span> <span class='ocrx_word' id='word_1_209' title='bbox 729 3787 880 3861; x_wconf 92' lang='lat' dir='ltr'><strong>modum</strong></span> <span class='ocrx_word' id='word_1_210' title='bbox 913 3787 1084 3884; x_wconf 88' lang='lat' dir='ltr'><strong>aliquem,</strong></span> <span class='ocrx_word' id='word_1_211' title='bbox 1119 3810 1192 3884; x_wconf 91' lang='lat' dir='ltr'><strong>quo</strong></span> <span class='ocrx_word' id='word_1_212' title='bbox 1225 3787 1352 3883; x_wconf 89' lang='lat' dir='ltr'><strong>ipsum</strong></span> 
     </span>
     <span class='ocr_line' id='line_1_34' title="bbox 303 3900 1353 3998; baseline 0.002 -23"><span class='ocrx_word' id='word_1_213' title='bbox 303 3902 442 3975; x_wconf 83' lang='lat' dir='ltr'><strong>malum</strong></span> <span class='ocrx_word' id='word_1_214' title='bbox 456 3900 624 3991; x_wconf 88' lang='lat' dir='ltr'><strong>evitetur,</strong></span> <span class='ocrx_word' id='word_1_215' title='bbox 643 3902 797 3974; x_wconf 85' lang='lat' dir='ltr'><strong>affectus</strong></span> <span class='ocrx_word' id='word_1_216' title='bbox 813 3900 874 3974; x_wconf 89' lang='lat' dir='ltr'><strong>ille</strong></span> <span class='ocrx_word' id='word_1_217' title='bbox 892 3901 1008 3974; x_wconf 91' lang='lat' dir='ltr'><strong>oritur</strong></span> <span class='ocrx_word' id='word_1_218' title='bbox 1035 3926 1145 3998; x_wconf 89' lang='lat' dir='ltr'><strong>quam</strong></span> <span class='ocrx_word' id='word_1_219' title='bbox 1171 3924 1353 3977; x_wconf 88' lang='lat' dir='ltr'><strong>vocamus</strong></span> 
     </span>
     <span class='ocr_line' id='line_1_35' title="bbox 305 4012 1353 4113; baseline 0.002 -26"><span class='ocrx_word' id='word_1_220' title='bbox 305 4039 420 4113; x_wconf 82' lang='lat' dir='ltr'><strong>apem.</strong></span> <span class='ocrx_word' id='word_1_221' title='bbox 474 4013 658 4103; x_wconf 88' lang='lat' dir='ltr'><strong>Similiter,</strong></span> <span class='ocrx_word' id='word_1_222' title='bbox 685 4014 716 4087; x_wconf 90' lang='lat' dir='ltr'><strong>si</strong></span> <span class='ocrx_word' id='word_1_223' title='bbox 741 4014 976 4086; x_wconf 88' lang='lat' dir='ltr'><strong>incumbente</strong></span> <span class='ocrx_word' id='word_1_224' title='bbox 1001 4015 1098 4088; x_wconf 93' lang='lat' dir='ltr'><strong>bono</strong></span> <span class='ocrx_word' id='word_1_225' title='bbox 1121 4012 1353 4110; x_wconf 88' lang='lat' dir='ltr'><strong>concipimus</strong></span> 
     </span>
     <span class='ocr_line' id='line_1_36' title="bbox 305 4127 1351 4225; baseline 0 -24"><span class='ocrx_word' id='word_1_226' title='bbox 305 4127 457 4201; x_wconf 91' lang='lat' dir='ltr'><strong>modum</strong></span> <span class='ocrx_word' id='word_1_227' title='bbox 477 4127 637 4225; x_wconf 89' lang='lat' dir='ltr'><strong>aliquem</strong></span> <span class='ocrx_word' id='word_1_228' title='bbox 663 4152 736 4225; x_wconf 91' lang='lat' dir='ltr'><strong>quo</strong></span> <span class='ocrx_word' id='word_1_229' title='bbox 764 4128 967 4216; x_wconf 87' lang='lat' dir='ltr'><strong>amittatur,</strong></span> <span class='ocrx_word' id='word_1_230' title='bbox 993 4128 1051 4201; x_wconf 89' lang='lat' dir='ltr'><strong>vel</strong></span> <span class='ocrx_word' id='word_1_231' title='bbox 1073 4128 1103 4201; x_wconf 91' lang='lat' dir='ltr'><strong>si</strong></span> <span class='ocrx_word' id='word_1_232' title='bbox 1127 4127 1264 4201; x_wconf 83' lang='lat' dir='ltr'><strong>molum</strong></span> <span class='ocrx_word' id='word_1_233' title='bbox 1281 4128 1351 4201; x_wconf 80' lang='lat' dir='ltr'><strong>eli-</strong></span> 
     </span>
     <span class='ocr_line' id='line_1_37' title="bbox 307 4240 1353 4339; baseline 0.002 -24"><span class='ocrx_word' id='word_1_234' title='bbox 307 4242 406 4339; x_wconf 91' lang='lat' dir='ltr'><strong>quod</strong></span> <span class='ocrx_word' id='word_1_235' title='bbox 416 4240 468 4316; x_wconf 94' lang='lat' dir='ltr'><strong>illi</strong></span> <span class='ocrx_word' id='word_1_236' title='bbox 480 4264 686 4314; x_wconf 89' lang='lat' dir='ltr'><strong>connexum</strong></span> <span class='ocrx_word' id='word_1_237' title='bbox 699 4241 795 4317; x_wconf 89' lang='lat' dir='ltr'><strong>trahi</strong></span> <span class='ocrx_word' id='word_1_238' title='bbox 807 4240 1060 4337; x_wconf 80' lang='lat' dir='ltr'><strong>imaginamur,</strong></span> <span class='ocrx_word' id='word_1_239' title='bbox 1072 4251 1189 4314; x_wconf 80' lang='lat' dir='ltr'><strong>metus</strong></span> <span class='ocrx_word' id='word_1_240' title='bbox 1200 4240 1353 4317; x_wconf 90' lang='lat' dir='ltr'><strong>dicitur.</strong></span> 
     </span>
    </p>
   </div>
   <div class='ocr_carea' id='block_1_7' title="bbox 0 0 1493 4980">
    <p class='ocr_par' dir='ltr' id='par_1_9' title="bbox 0 0 1493 4980">
     <span class='ocr_line' id='line_1_38' title="bbox 0 0 1493 4980; baseline 0 0"><span class='ocrx_word' id='word_1_241' title='bbox 0 0 1493 4980; x_wconf 95' lang='lat' dir='ltr'><strong> </strong></span> 
     </span>
    </p>
   </div>
  </div>
 </body>
</html>
