2940 4980
298 325 368 391 106
693 338 748 389 nu
767 335 950 389 neultra.

110 537 204 588 sper,
220 540 257 592 ῃ,
293 503 396 576 illum
413 502 592 592 occidere,
618 503 680 599 qui
704 503 875 598 injuriam
896 500 1009 587 fecit3
1039 524 1140 576 nam
1168 512 1350 577 mortuum

109 616 251 719 *ᾗ
292 640 478 711 nunquam
496 619 709 712 cujusquam
730 618 782 689 rei
806 616 974 713 poenitet.
1026 616 1254 710 Objectum
1270 641 1348 715 ergo

293 730 358 802 irae
400 742 455 801 cst
489 731 695 816 molestum,
730 728 796 802 sed
835 742 1016 824 quatenus
1048 729 1090 801 vi
1124 732 1349 829 superabile

295 845 414 917 Quem
449 844 545 914 euim
576 843 749 915 conviciis
775 842 977 915 lacessieris
1006 841 1154 931 nudae,
1196 844 1349 929 iratum;

293 970 466 1041 armatus,
480 956 760 1028 tremebundum
777 956 900 1028 facies.
944 952 1049 1025 Iram
1064 966 1111 1027 ut
1126 978 1226 1051 spes
1239 959 1350 1045 effert,

293 1070 345 1141 ita
362 1082 481 1141 metus
499 1081 695 1165 teruperat;
711 1068 830 1157 idest,
848 1070 942 1140 sieut
952 1089 1019 1163 per
1031 1066 1350 1163 imaginationem

293 1182 439 1278 spiritus
450 1183 867 1255 animalesaffunduutur
878 1182 914 1253 iu
926 1202 1057 1253 nervos
1067 1180 1122 1253 ad
1132 1182 1348 1257 faciendam

292 1295 366 1367 viru
384 1295 422 1367 iu
440 1296 575 1367 malum
594 1295 693 1392 quod
712 1295 870 1391 ingruit3
889 1293 942 1366 ita
951 1316 1017 1389 per
1029 1292 1349 1389 imaginationem

291 1407 440 1503 majoris
468 1407 553 1480 mali
581 1408 817 1480 retrahuntur
843 1406 891 1479 ad
918 1429 981 1479 cor
1008 1429 1084 1479 suae
1113 1406 1348 1485 defensionis

291 1545 411 1609 causa,
439 1520 497 1593 vel
522 1520 729 1615 adingam.
783 1520 867 1616 Spei
896 1520 1083 1614 objectum
1110 1532 1173 1594 est
1206 1524 1347 1597 bonum

290 1657 491 1729 apparens3
518 1645 637 1704 metus
655 1632 850 1727 objectum,
869 1631 1017 1704 malum.
1070 1630 1230 1707 Bonum
1250 1638 1344 1709 enim

290 1757 477 1842 speratum
507 1744 605 1816 unde
634 1745 682 1818 ad
709 1769 776 1818 uos
808 1745 932 1818 venire
960 1744 1103 1831 debeat,
1143 1768 1344 1845 nunquan

291 1858 379 1930 satis
395 1857 655 1952 perspicimus:
682 1881 768 1929 nam
781 1856 810 1929 si
833 1857 1137 1953 perspiceremm,
1158 1882 1224 1933 res
1243 1874 1344 1935 certa

290 1981 398 2057 esset,
417 1980 484 2042 uec
502 1971 707 2066 expectatio
726 1981 851 2043 nostra
864 1970 1019 2065 amplius
1033 1969 1229 2046 diceretur
1244 1998 1341 2071 spes,

291 2085 356 2158 sed
373 2085 561 2181 gaudium.
614 2085 672 2158 Ad
690 2110 791 2181 spem
818 2085 1004 2156 sufficiunt
1021 2084 1133 2156 etiam
1150 2086 1344 2161 levissima

291 2210 518 2292 argumenta.
572 2199 650 2271 lmo
669 2223 739 2287 rea,
767 2223 849 2293 quae
870 2221 917 2269 ne
941 2196 1063 2270 auimo
1080 2197 1235 2292 quidem
1250 2226 1342 2275 con-

289 2312 362 2408 cipi
395 2323 527 2407 potest,
556 2312 693 2408 sperari
721 2324 845 2385 tamen
872 2322 1007 2408 potest,
1036 2311 1067 2383 si
1096 2309 1169 2383 dici
1199 2326 1340 2409 potest.

291 2426 476 2514 Similiter,
510 2425 624 2498 metui
654 2424 831 2520 quidlibet
861 2435 984 2520 potest
1013 2448 1229 2520 quanquam
1259 2451 1340 2501 non

289 2539 529 2634 concipiatur,
555 2539 664 2611 modo
687 2538 849 2611 terribile
866 2562 944 2610 esse
961 2537 1072 2633 vulgo
1090 2537 1250 2631 dicatur,
1278 2540 1340 2615 vel

289 2652 320 2725 si
337 2653 472 2725 multos
489 2652 596 2725 simul
613 2651 740 2747 fugere
759 2650 968 2736 videamus;
995 2674 1092 2739 uam,
1119 2675 1338 2749 quanquam

289 2765 476 2861 incognita
494 2789 614 2854 causa,
628 2764 788 2859 fugimus
806 2788 951 2859 quoquc
968 2787 1048 2852 nos,
1074 2776 1117 2835 ut
1134 2763 1172 2836 in
1189 2776 1339 2841 terror-

288 2878 370 2951 ibus
397 2902 489 2974 quos
518 2890 650 2951 vocant
679 2879 839 2974 patricos,
909 2877 1100 2949 Credimus
1128 2877 1229 2951 enim
1257 2904 1335 2969 eoa,

290 2991 352 3087 qui
368 2991 476 3087 primi
496 2992 653 3087 fugiunt,
680 2992 778 3086 fugae
805 3015 952 3063 causam
972 2989 1106 3063 vidisse
1123 2990 1335 3085 periculum

287 3105 446 3200 aliquod.
517 3104 644 3200 ltaque
678 3107 830 3177 allectus
859 3104 921 3175 isti
957 3104 1099 3175 ratione
1130 3104 1334 3199 gubernari

288 3242 379 3314 opus
405 3218 552 3291 habent.
605 3217 713 3290 Ratio
737 3218 834 3290 cuim
862 3229 929 3303 est,
958 3242 1050 3312 quae,
1078 3227 1156 3289 tam
1182 3230 1333 3293 nostrus

286 3356 396 3428 quam
422 3333 649 3428 objectorum
674 3332 771 3403 vires
791 3355 1006 3404 mensurans
1024 3354 1331 3427 comparansque,

285 3458 364 3519 tum
387 3446 476 3541 spei,
502 3455 581 3517 tum
605 3445 718 3517 metui
742 3444 893 3517 modum
913 3444 1056 3533 statuit,
1082 3467 1129 3516 ne
1154 3455 1219 3517 aut
1245 3469 1333 3543 spe·

285 3570 409 3632 rantes
435 3557 642 3645 illudamur,
670 3570 735 3628 aut
758 3557 930 3629 timcutes
954 3580 998 3629 ea
1019 3557 1128 3643 bona,
1152 3580 1235 3652 quae
1260 3558 1333 3633 ha-

284 3675 425 3761 bemuS,
453 3671 531 3743 sinc
558 3694 669 3743 causa
690 3672 790 3766 justa
813 3671 1035 3744 amittamus.
1089 3670 1200 3744 Quod
1226 3674 1332 3749 enim

285 3810 388 3882 spem
420 3784 599 3881 perfidam
628 3795 666 3857 et
695 3796 833 3857 metum
862 3785 1088 3880 proditorem
1122 3784 1232 3858 toties
1263 3810 1332 3861 ex-

286 3900 459 3994 perimur,
477 3899 555 3970 sola
570 3897 662 3969 facit
678 3898 860 3995 imperitia
877 3910 1013 3972 nostra.

103 4014 253 4126 ffiffim
339 4021 372 4084 5.
398 4012 535 4085 Omnes
563 4009 729 4083 homiues
759 4010 930 4108 opinione
958 4023 1131 4085 tenentur
1157 4034 1236 4085 esse
1271 4014 1329 4087 in-

286 4125 426 4198 visibile
452 4123 602 4220 aliquod
627 4123 685 4196 vel
705 4124 911 4213 invisibilia,
946 4150 1066 4221 aquo
1093 4125 1151 4198 vel
1178 4125 1326 4221 quibus,

285 4250 396 4334 prout
405 4236 566 4335 propitia
576 4248 662 4310 sunt
671 4237 728 4310 vel
740 4237 1014 4328 infesta,cmuia
1023 4239 1120 4312 bona
1129 4240 1326 4333 speranda,
