<?xml version="1.0" encoding="UTF-8"?>
<!DOCTYPE html PUBLIC "-//W3C//DTD XHTML 1.0 Transitional//EN"
    "http://www.w3.org/TR/xhtml1/DTD/xhtml1-transitional.dtd">
<html xmlns="http://www.w3.org/1999/xhtml" xml:lang="en" lang="en">
 <head>
  <title>
</title>
<meta http-equiv="Content-Type" content="text/html;charset=utf-8" />
  <meta name='ocr-system' content='tesseract 3.04.00' />
  <meta name='ocr-capabilities' content='ocr_page ocr_carea ocr_par ocr_line ocrx_word'/>
</head>
<body>
  <div class='ocr_page' id='page_1' title='image "./operaphilosophi00molegoog_0085.png"; bbox 0 0 2940 4980; ppageno 0'>
   <div class='ocr_carea' id='block_1_1' title="bbox 318 302 969 382">
    <p class='ocr_par' dir='ltr' id='par_1_1' title="bbox 318 302 969 382">
     <span class='ocr_line' id='line_1_1' title="bbox 318 302 969 382; baseline 0.003 -10"><span class='ocrx_word' id='word_1_1' title='bbox 318 302 363 382; x_wconf 77' lang='grc'>74</span> <span class='ocrx_word' id='word_1_2' title='bbox 716 324 768 375; x_wconf 80' lang='lat' dir='ltr'>oa</span> <span class='ocrx_word' id='word_1_3' title='bbox 788 322 969 376; x_wconf 77' lang='lat' dir='ltr'>neurus.</span> 
     </span>
    </p>
   </div>
   <div class='ocr_carea' id='block_1_2' title="bbox 368 486 1375 585">
    <p class='ocr_par' dir='ltr' id='par_1_2' title="bbox 368 486 1375 585">
     <span class='ocr_line' id='line_1_2' title="bbox 368 486 1375 585; baseline 0.007 -28"><span class='ocrx_word' id='word_1_4' title='bbox 368 494 402 558; x_wconf 85' lang='lat'>8.</span> <span class='ocrx_word' id='word_1_5' title='bbox 430 486 469 558; x_wconf 89' lang='lat' dir='ltr'>Si</span> <span class='ocrx_word' id='word_1_6' title='bbox 487 486 524 558; x_wconf 92' lang='lat' dir='ltr'>in</span> <span class='ocrx_word' id='word_1_7' title='bbox 542 488 681 560; x_wconf 85' lang='lat' dir='ltr'>visione</span> <span class='ocrx_word' id='word_1_8' title='bbox 699 488 840 562; x_wconf 89' lang='lat' dir='ltr'>directa</span> <span class='ocrx_word' id='word_1_9' title='bbox 861 490 989 562; x_wconf 89' lang='lat' dir='ltr'>datum</span> <span class='ocrx_word' id='word_1_10' title='bbox 1006 488 1056 562; x_wconf 89' lang='lat' dir='ltr'>sit</span> <span class='ocrx_word' id='word_1_11' title='bbox 1070 500 1275 585; x_wconf 88' lang='lat' dir='ltr'>punctum</span> <span class='ocrx_word' id='word_1_12' title='bbox 1296 514 1375 565; x_wconf 84' lang='lat' dir='ltr'>eva-</span> 
     </span>
    </p>
   </div>
   <div class='ocr_carea' id='block_1_3' title="bbox 104 601 1373 1038">
    <p class='ocr_par' dir='ltr' id='par_1_3' title="bbox 104 601 1373 1038">
     <span class='ocr_line' id='line_1_3' title="bbox 207 601 1373 701; baseline 0.008 -31"><span class='ocrx_word' id='word_1_13' title='bbox 207 623 215 640; x_wconf 93' lang='lat'><strong>·</strong></span> <span class='ocrx_word' id='word_1_14' title='bbox 317 601 525 689; x_wconf 81' lang='lat' dir='ltr'>nascentiae,</span> <span class='ocrx_word' id='word_1_15' title='bbox 544 601 690 674; x_wconf 89' lang='lat' dir='ltr'>dabitur</span> <span class='ocrx_word' id='word_1_16' title='bbox 707 604 817 675; x_wconf 90' lang='lat' dir='ltr'>etiam</span> <span class='ocrx_word' id='word_1_17' title='bbox 831 603 933 675; x_wconf 90' lang='lat' dir='ltr'>locus</span> <span class='ocrx_word' id='word_1_18' title='bbox 946 625 1132 699; x_wconf 86' lang='lat' dir='ltr'>apparens</span> <span class='ocrx_word' id='word_1_19' title='bbox 1145 604 1299 701; x_wconf 84' lang='lat' dir='ltr'>objecti</span> <span class='ocrx_word' id='word_1_20' title='bbox 1310 605 1373 678; x_wconf 83' lang='lat' dir='ltr'>viai</span> 
     </span>
     <span class='ocr_line' id='line_1_4' title="bbox 105 713 1005 811; baseline 0.006 -27"><span class='ocrx_word' id='word_1_21' title='bbox 105 799 109 808; x_wconf 30' lang='grc' dir='ltr'>Ι</span> <span class='ocrx_word' id='word_1_22' title='bbox 163 750 191 811; x_wconf 26' lang='lat'>¹..</span> <span class='ocrx_word' id='word_1_23' title='bbox 316 737 383 808; x_wconf 92' lang='lat' dir='ltr'>per</span> <span class='ocrx_word' id='word_1_24' title='bbox 400 713 584 809; x_wconf 90' lang='lat' dir='ltr'>dioptrum</span> <span class='ocrx_word' id='word_1_25' title='bbox 599 715 775 811; x_wconf 87' lang='lat' dir='ltr'>sphaerice</span> <span class='ocrx_word' id='word_1_26' title='bbox 793 739 1005 789; x_wconf 89' lang='lat' dir='ltr'>concavum.</span> 
     </span>
     <span class='ocr_line' id='line_1_5' title="bbox 104 812 1372 926; baseline 0.003 -27"><span class='ocrx_word' id='word_1_27' title='bbox 104 812 133 873; x_wconf 70' lang='lat'>¹¹3¹</span> <span class='ocrx_word' id='word_1_28' title='bbox 170 814 292 909; x_wconf 43' lang='lat'>¹325...</span> <span class='ocrx_word' id='word_1_29' title='bbox 369 828 424 901; x_wconf 89' lang='lat' dir='ltr'>Sit</span> <span class='ocrx_word' id='word_1_30' title='bbox 454 829 507 921; x_wconf 85' lang='lat' dir='ltr'>(in</span> <span class='ocrx_word' id='word_1_31' title='bbox 534 830 652 924; x_wconf 85' lang='lat' dir='ltr'>figura</span> <span class='ocrx_word' id='word_1_32' title='bbox 677 830 819 925; x_wconf 89' lang='lat' dir='ltr'>quinta)</span> <span class='ocrx_word' id='word_1_33' title='bbox 849 829 1034 926; x_wconf 90' lang='lat' dir='ltr'>dioptrum</span> <span class='ocrx_word' id='word_1_34' title='bbox 1060 828 1257 925; x_wconf 84' lang='lat' dir='ltr'>sphaerice</span> <span class='ocrx_word' id='word_1_35' title='bbox 1285 854 1372 905; x_wconf 92' lang='lat' dir='ltr'>con·</span> 
     </span>
     <span class='ocr_line' id='line_1_6' title="bbox 116 930 1369 1038; baseline 0.003 -27"><span class='ocrx_word' id='word_1_36' title='bbox 116 930 148 972; x_wconf 58' lang='lat'>‘⁰²</span> <span class='ocrx_word' id='word_1_37' title='bbox 157 943 238 974; x_wconf 66' lang='lat'>‘⁰⁰⁶⁸&#39;</span> <span class='ocrx_word' id='word_1_38' title='bbox 279 963 285 973; x_wconf 89' lang='lat'><strong>·</strong></span> <span class='ocrx_word' id='word_1_39' title='bbox 318 965 447 1013; x_wconf 91' lang='lat' dir='ltr'>cavum</span> <span class='ocrx_word' id='word_1_40' title='bbox 481 942 568 1028; x_wconf 85' lang='lat' dir='ltr'>AB,</span> <span class='ocrx_word' id='word_1_41' title='bbox 598 955 766 1015; x_wconf 83' lang='lat' dir='ltr'>centrum</span> <span class='ocrx_word' id='word_1_42' title='bbox 797 943 925 1016; x_wconf 89' lang='lat' dir='ltr'>retinae</span> <span class='ocrx_word' id='word_1_43' title='bbox 956 944 998 1031; x_wconf 83' lang='lat' dir='ltr'>C,</span> <span class='ocrx_word' id='word_1_44' title='bbox 1032 943 1232 1038; x_wconf 89' lang='lat' dir='ltr'>objectum</span> <span class='ocrx_word' id='word_1_45' title='bbox 1271 944 1369 1017; x_wconf 86' lang='lat' dir='ltr'>DE:</span> 
     </span>
    </p>
   </div>
   <div class='ocr_carea' id='block_1_4' title="bbox 268 1056 1370 4319">
    <p class='ocr_par' dir='ltr' id='par_1_4' title="bbox 268 1056 1370 2846">
     <span class='ocr_line' id='line_1_7' title="bbox 317 1056 1370 1153; baseline 0.004 -26"><span class='ocrx_word' id='word_1_46' title='bbox 317 1065 565 1152; x_wconf 90' lang='lat' dir='ltr'>punctumque</span> <span class='ocrx_word' id='word_1_47' title='bbox 584 1057 617 1129; x_wconf 95' lang='lat' dir='ltr'>D</span> <span class='ocrx_word' id='word_1_48' title='bbox 635 1056 682 1129; x_wconf 91' lang='lat' dir='ltr'>sit</span> <span class='ocrx_word' id='word_1_49' title='bbox 696 1057 732 1129; x_wconf 94' lang='lat' dir='ltr'>in</span> <span class='ocrx_word' id='word_1_50' title='bbox 746 1081 814 1130; x_wconf 84' lang='lat' dir='ltr'>axe</span> <span class='ocrx_word' id='word_1_51' title='bbox 828 1057 950 1153; x_wconf 90' lang='lat' dir='ltr'>optico</span> <span class='ocrx_word' id='word_1_52' title='bbox 969 1056 1038 1129; x_wconf 85' lang='lat' dir='ltr'>CF</span> <span class='ocrx_word' id='word_1_53' title='bbox 1054 1068 1211 1130; x_wconf 81' lang='lat' dir='ltr'><strong>secante</strong></span> <span class='ocrx_word' id='word_1_54' title='bbox 1224 1069 1370 1131; x_wconf 86' lang='lat' dir='ltr'>utram·</span> 
     </span>
     <span class='ocr_line' id='line_1_8' title="bbox 317 1167 1367 1265; baseline 0.001 -25"><span class='ocrx_word' id='word_1_55' title='bbox 317 1193 388 1264; x_wconf 92' lang='lat' dir='ltr'>que</span> <span class='ocrx_word' id='word_1_56' title='bbox 406 1168 540 1265; x_wconf 93' lang='lat' dir='ltr'>dioptri</span> <span class='ocrx_word' id='word_1_57' title='bbox 559 1171 787 1265; x_wconf 89' lang='lat' dir='ltr'>superficiem</span> <span class='ocrx_word' id='word_1_58' title='bbox 800 1167 1151 1265; x_wconf 79' lang='lat' dir='ltr'>perpendiculariter</span> <span class='ocrx_word' id='word_1_59' title='bbox 1165 1168 1208 1241; x_wconf 92' lang='lat' dir='ltr'>in</span> <span class='ocrx_word' id='word_1_60' title='bbox 1228 1170 1271 1242; x_wconf 92' lang='lat' dir='ltr'><strong>H</strong></span> <span class='ocrx_word' id='word_1_61' title='bbox 1284 1170 1367 1243; x_wconf 87' lang='lat' dir='ltr'>etl:</span> 
     </span>
     <span class='ocr_line' id='line_1_9' title="bbox 315 1278 1368 1377; baseline 0.004 -25"><span class='ocrx_word' id='word_1_62' title='bbox 315 1281 433 1377; x_wconf 90' lang='lat' dir='ltr'>sitque</span> <span class='ocrx_word' id='word_1_63' title='bbox 450 1292 628 1377; x_wconf 88' lang='lat' dir='ltr'>punctum</span> <span class='ocrx_word' id='word_1_64' title='bbox 647 1283 674 1353; x_wconf 86' lang='lat' dir='ltr'>F</span> <span class='ocrx_word' id='word_1_65' title='bbox 690 1294 868 1377; x_wconf 87' lang='lat' dir='ltr'>punctum</span> <span class='ocrx_word' id='word_1_66' title='bbox 886 1278 1152 1354; x_wconf 75' lang='lat' dir='ltr'>evanescentia</span> <span class='ocrx_word' id='word_1_67' title='bbox 1164 1278 1208 1354; x_wconf 93' lang='lat' dir='ltr'>in</span> <span class='ocrx_word' id='word_1_68' title='bbox 1220 1282 1368 1356; x_wconf 84' lang='lat' dir='ltr'>visione</span> 
     </span>
     <span class='ocr_line' id='line_1_10' title="bbox 316 1392 1368 1490; baseline 0.005 -26"><span class='ocrx_word' id='word_1_69' title='bbox 316 1393 464 1467; x_wconf 90' lang='lat' dir='ltr'>directa.</span> <span class='ocrx_word' id='word_1_70' title='bbox 517 1395 682 1467; x_wconf 89' lang='lat' dir='ltr'>Ducatur</span> <span class='ocrx_word' id='word_1_71' title='bbox 707 1395 830 1467; x_wconf 89' lang='lat' dir='ltr'>radius</span> <span class='ocrx_word' id='word_1_72' title='bbox 855 1395 940 1485; x_wconf 89' lang='lat' dir='ltr'>EG,</span> <span class='ocrx_word' id='word_1_73' title='bbox 967 1393 1030 1490; x_wconf 91' lang='lat' dir='ltr'>qui</span> <span class='ocrx_word' id='word_1_74' title='bbox 1051 1394 1159 1489; x_wconf 88' lang='lat' dir='ltr'>juxta</span> <span class='ocrx_word' id='word_1_75' title='bbox 1180 1392 1292 1489; x_wconf 84' lang='lat' dir='ltr'>leges</span> <span class='ocrx_word' id='word_1_76' title='bbox 1309 1420 1368 1469; x_wconf 86' lang='lat' dir='ltr'>re·</span> 
     </span>
     <span class='ocr_line' id='line_1_11' title="bbox 313 1505 1368 1603; baseline 0.005 -26"><span class='ocrx_word' id='word_1_77' title='bbox 313 1505 502 1580; x_wconf 81' lang='lat' dir='ltr'>fractionis</span> <span class='ocrx_word' id='word_1_78' title='bbox 523 1507 746 1603; x_wconf 81' lang='lat' dir='ltr'>refringatur</span> <span class='ocrx_word' id='word_1_79' title='bbox 763 1508 810 1580; x_wconf 88' lang='lat' dir='ltr'>ad</span> <span class='ocrx_word' id='word_1_80' title='bbox 829 1510 862 1580; x_wconf 89' lang='lat' dir='ltr'><strong>K</strong></span> <span class='ocrx_word' id='word_1_81' title='bbox 882 1520 919 1580; x_wconf 88' lang='lat' dir='ltr'>et</span> <span class='ocrx_word' id='word_1_82' title='bbox 936 1507 1022 1580; x_wconf 91' lang='lat' dir='ltr'>inde</span> <span class='ocrx_word' id='word_1_83' title='bbox 1042 1505 1090 1578; x_wconf 90' lang='lat' dir='ltr'>ad</span> <span class='ocrx_word' id='word_1_84' title='bbox 1116 1505 1160 1578; x_wconf 90' lang='lat' dir='ltr'>C.</span> <span class='ocrx_word' id='word_1_85' title='bbox 1218 1507 1368 1582; x_wconf 89' lang='lat' dir='ltr'>Produ-</span> 
     </span>
     <span class='ocr_line' id='line_1_12' title="bbox 315 1618 1365 1716; baseline 0.003 -24"><span class='ocrx_word' id='word_1_86' title='bbox 315 1630 419 1693; x_wconf 85' lang='lat' dir='ltr'>catur</span> <span class='ocrx_word' id='word_1_87' title='bbox 432 1620 580 1693; x_wconf 89' lang='lat' dir='ltr'>visualis</span> <span class='ocrx_word' id='word_1_88' title='bbox 599 1621 671 1693; x_wconf 89' lang='lat' dir='ltr'>CK</span> <span class='ocrx_word' id='word_1_89' title='bbox 691 1621 807 1693; x_wconf 92' lang='lat' dir='ltr'>donec</span> <span class='ocrx_word' id='word_1_90' title='bbox 821 1633 992 1694; x_wconf 88' lang='lat' dir='ltr'>occurrat</span> <span class='ocrx_word' id='word_1_91' title='bbox 1005 1621 1150 1716; x_wconf 87' lang='lat' dir='ltr'>objecto</span> <span class='ocrx_word' id='word_1_92' title='bbox 1164 1618 1201 1691; x_wconf 93' lang='lat' dir='ltr'>D</span> <span class='ocrx_word' id='word_1_93' title='bbox 1215 1621 1249 1693; x_wconf 86' lang='lat' dir='ltr'>E</span> <span class='ocrx_word' id='word_1_94' title='bbox 1266 1621 1311 1695; x_wconf 91' lang='lat' dir='ltr'>in</span> <span class='ocrx_word' id='word_1_95' title='bbox 1323 1623 1365 1712; x_wconf 88' lang='lat' dir='ltr'>L,</span> 
     </span>
     <span class='ocr_line' id='line_1_13' title="bbox 314 1732 1364 1830; baseline 0.005 -26"><span class='ocrx_word' id='word_1_96' title='bbox 314 1743 351 1804; x_wconf 92' lang='lat' dir='ltr'>et</span> <span class='ocrx_word' id='word_1_97' title='bbox 382 1744 492 1806; x_wconf 88' lang='lat' dir='ltr'>rectae</span> <span class='ocrx_word' id='word_1_98' title='bbox 521 1734 554 1805; x_wconf 94' lang='lat' dir='ltr'>D</span> <span class='ocrx_word' id='word_1_99' title='bbox 567 1735 596 1806; x_wconf 95' lang='lat' dir='ltr'>L</span> <span class='ocrx_word' id='word_1_100' title='bbox 625 1745 790 1806; x_wconf 87' lang='lat' dir='ltr'>sumatur</span> <span class='ocrx_word' id='word_1_101' title='bbox 815 1734 988 1830; x_wconf 89' lang='lat' dir='ltr'>parallela</span> <span class='ocrx_word' id='word_1_102' title='bbox 1015 1744 1052 1806; x_wconf 93' lang='lat' dir='ltr'>et</span> <span class='ocrx_word' id='word_1_103' title='bbox 1079 1732 1234 1828; x_wconf 73' lang='lat' dir='ltr'>aequalis</span> <span class='ocrx_word' id='word_1_104' title='bbox 1263 1734 1364 1809; x_wconf 90' lang='lat' dir='ltr'>CM.</span> 
     </span>
     <span class='ocr_line' id='line_1_14' title="bbox 268 1845 1363 1945; baseline 0.006 -29"><span class='ocrx_word' id='word_1_105' title='bbox 268 1860 273 1871; x_wconf 84' lang='lat'><strong>‘</strong></span> <span class='ocrx_word' id='word_1_106' title='bbox 314 1845 478 1918; x_wconf 89' lang='lat' dir='ltr'>Ducatur</span> <span class='ocrx_word' id='word_1_107' title='bbox 496 1845 627 1918; x_wconf 92' lang='lat' dir='ltr'>deinde</span> <span class='ocrx_word' id='word_1_108' title='bbox 646 1847 686 1917; x_wconf 90' lang='lat' dir='ltr'><strong>M</strong></span> <span class='ocrx_word' id='word_1_109' title='bbox 699 1849 737 1931; x_wconf 83' lang='lat' dir='ltr'>F,</span> <span class='ocrx_word' id='word_1_110' title='bbox 762 1871 844 1942; x_wconf 89' lang='lat' dir='ltr'>quae</span> <span class='ocrx_word' id='word_1_111' title='bbox 862 1859 961 1919; x_wconf 90' lang='lat' dir='ltr'>secet</span> <span class='ocrx_word' id='word_1_112' title='bbox 978 1846 1153 1919; x_wconf 90' lang='lat' dir='ltr'>visualem</span> <span class='ocrx_word' id='word_1_113' title='bbox 1172 1846 1254 1921; x_wconf 86' lang='lat' dir='ltr'>CK</span> <span class='ocrx_word' id='word_1_114' title='bbox 1271 1872 1363 1945; x_wconf 86' lang='lat' dir='ltr'>pro-</span> 
     </span>
     <span class='ocr_line' id='line_1_15' title="bbox 314 1957 1363 2056; baseline 0.007 -27"><span class='ocrx_word' id='word_1_115' title='bbox 314 1957 460 2031; x_wconf 91' lang='lat' dir='ltr'>ductam</span> <span class='ocrx_word' id='word_1_116' title='bbox 479 1959 517 2030; x_wconf 94' lang='lat' dir='ltr'>in</span> <span class='ocrx_word' id='word_1_117' title='bbox 536 1958 583 2030; x_wconf 92' lang='lat' dir='ltr'>N.</span> <span class='ocrx_word' id='word_1_118' title='bbox 637 1960 809 2032; x_wconf 85' lang='lat' dir='ltr'>Sumatur</span> <span class='ocrx_word' id='word_1_119' title='bbox 827 1984 953 2033; x_wconf 92' lang='lat' dir='ltr'>rursus</span> <span class='ocrx_word' id='word_1_120' title='bbox 971 1960 1161 2056; x_wconf 90' lang='lat' dir='ltr'>quodlibet</span> <span class='ocrx_word' id='word_1_121' title='bbox 1173 1959 1282 2035; x_wconf 83' lang='lat' dir='ltr'>aliud</span> <span class='ocrx_word' id='word_1_122' title='bbox 1292 1963 1363 2035; x_wconf 89' lang='lat' dir='ltr'>ob-</span> 
     </span>
     <span class='ocr_line' id='line_1_16' title="bbox 310 2071 1361 2169; baseline 0.009 -28"><span class='ocrx_word' id='word_1_123' title='bbox 310 2071 399 2166; x_wconf 87' lang='lat' dir='ltr'>jecti</span> <span class='ocrx_word' id='word_1_124' title='bbox 416 2081 594 2167; x_wconf 88' lang='lat' dir='ltr'>punctum</span> <span class='ocrx_word' id='word_1_125' title='bbox 616 2072 660 2160; x_wconf 92' lang='lat'>0,</span> <span class='ocrx_word' id='word_1_126' title='bbox 687 2097 710 2145; x_wconf 93' lang='lat' dir='ltr'>a</span> <span class='ocrx_word' id='word_1_127' title='bbox 727 2097 801 2168; x_wconf 87' lang='lat' dir='ltr'>quo</span> <span class='ocrx_word' id='word_1_128' title='bbox 819 2073 943 2145; x_wconf 91' lang='lat' dir='ltr'>radius</span> <span class='ocrx_word' id='word_1_129' title='bbox 969 2074 1001 2146; x_wconf 95' lang='lat'>0</span> <span class='ocrx_word' id='word_1_130' title='bbox 1013 2073 1040 2145; x_wconf 91' lang='lat' dir='ltr'><strong>P</strong></span> <span class='ocrx_word' id='word_1_131' title='bbox 1066 2071 1297 2169; x_wconf 80' lang='lat' dir='ltr'>refringatur</span> <span class='ocrx_word' id='word_1_132' title='bbox 1309 2076 1361 2149; x_wconf 87' lang='lat' dir='ltr'>ad</span> 
     </span>
     <span class='ocr_line' id='line_1_17' title="bbox 314 2184 1360 2282; baseline 0.003 -24"><span class='ocrx_word' id='word_1_133' title='bbox 314 2185 361 2273; x_wconf 79' lang='lat' dir='ltr'>Q,</span> <span class='ocrx_word' id='word_1_134' title='bbox 389 2194 426 2255; x_wconf 92' lang='lat' dir='ltr'>et</span> <span class='ocrx_word' id='word_1_135' title='bbox 450 2208 574 2256; x_wconf 90' lang='lat' dir='ltr'>rursus</span> <span class='ocrx_word' id='word_1_136' title='bbox 599 2185 647 2257; x_wconf 93' lang='lat' dir='ltr'>ad</span> <span class='ocrx_word' id='word_1_137' title='bbox 673 2186 713 2273; x_wconf 86' lang='lat' dir='ltr'>C,</span> <span class='ocrx_word' id='word_1_138' title='bbox 741 2198 777 2258; x_wconf 92' lang='lat' dir='ltr'>et</span> <span class='ocrx_word' id='word_1_139' title='bbox 803 2185 983 2282; x_wconf 87' lang='lat' dir='ltr'>producta</span> <span class='ocrx_word' id='word_1_140' title='bbox 1009 2185 1057 2258; x_wconf 91' lang='lat' dir='ltr'>sit</span> <span class='ocrx_word' id='word_1_141' title='bbox 1082 2184 1231 2258; x_wconf 85' lang='lat' dir='ltr'>visualis</span> <span class='ocrx_word' id='word_1_142' title='bbox 1260 2188 1360 2279; x_wconf 72' lang='lat' dir='ltr'>CO,</span> 
     </span>
     <span class='ocr_line' id='line_1_18' title="bbox 314 2297 1361 2398; baseline 0.004 -27"><span class='ocrx_word' id='word_1_143' title='bbox 314 2299 430 2371; x_wconf 90' lang='lat' dir='ltr'>donec</span> <span class='ocrx_word' id='word_1_144' title='bbox 448 2310 616 2370; x_wconf 87' lang='lat' dir='ltr'>occurrat</span> <span class='ocrx_word' id='word_1_145' title='bbox 634 2300 778 2394; x_wconf 90' lang='lat' dir='ltr'>objecto</span> <span class='ocrx_word' id='word_1_146' title='bbox 800 2300 874 2372; x_wconf 95' lang='lat' dir='ltr'>DE</span> <span class='ocrx_word' id='word_1_147' title='bbox 893 2300 930 2371; x_wconf 93' lang='lat' dir='ltr'>in</span> <span class='ocrx_word' id='word_1_148' title='bbox 948 2300 993 2371; x_wconf 87' lang='lat' dir='ltr'>R.</span> <span class='ocrx_word' id='word_1_149' title='bbox 1046 2297 1187 2371; x_wconf 90' lang='lat' dir='ltr'>Deinde</span> <span class='ocrx_word' id='word_1_150' title='bbox 1204 2316 1361 2398; x_wconf 87' lang='lat' dir='ltr'>sumpta</span> 
     </span>
     <span class='ocr_line' id='line_1_19' title="bbox 314 2411 1358 2506; baseline 0.005 -23"><span class='ocrx_word' id='word_1_151' title='bbox 314 2411 344 2482; x_wconf 90' lang='lat' dir='ltr'>C</span> <span class='ocrx_word' id='word_1_152' title='bbox 358 2412 383 2483; x_wconf 93' lang='lat' dir='ltr'>S</span> <span class='ocrx_word' id='word_1_153' title='bbox 401 2411 533 2506; x_wconf 86' lang='lat' dir='ltr'>aequali</span> <span class='ocrx_word' id='word_1_154' title='bbox 545 2423 655 2484; x_wconf 71' lang='lat' dir='ltr'>rectae</span> <span class='ocrx_word' id='word_1_155' title='bbox 673 2413 706 2484; x_wconf 95' lang='lat' dir='ltr'>D</span> <span class='ocrx_word' id='word_1_156' title='bbox 720 2414 764 2502; x_wconf 88' lang='lat' dir='ltr'>R,</span> <span class='ocrx_word' id='word_1_157' title='bbox 779 2413 935 2485; x_wconf 89' lang='lat' dir='ltr'>ducatur</span> <span class='ocrx_word' id='word_1_158' title='bbox 954 2413 978 2485; x_wconf 90' lang='lat' dir='ltr'>S</span> <span class='ocrx_word' id='word_1_159' title='bbox 991 2414 1018 2484; x_wconf 90' lang='lat' dir='ltr'><strong>F</strong></span> <span class='ocrx_word' id='word_1_160' title='bbox 1035 2435 1162 2485; x_wconf 87' lang='lat' dir='ltr'>secans</span> <span class='ocrx_word' id='word_1_161' title='bbox 1173 2412 1358 2489; x_wconf 87' lang='lat' dir='ltr'>visualem</span> 
     </span>
     <span class='ocr_line' id='line_1_20' title="bbox 313 2524 1358 2622; baseline 0.007 -26"><span class='ocrx_word' id='word_1_162' title='bbox 313 2524 387 2596; x_wconf 86' lang='lat' dir='ltr'>CR</span> <span class='ocrx_word' id='word_1_163' title='bbox 402 2524 439 2595; x_wconf 93' lang='lat' dir='ltr'>in</span> <span class='ocrx_word' id='word_1_164' title='bbox 455 2525 497 2597; x_wconf 90' lang='lat' dir='ltr'>T.</span> <span class='ocrx_word' id='word_1_165' title='bbox 550 2525 671 2597; x_wconf 90' lang='lat' dir='ltr'>Ducta</span> <span class='ocrx_word' id='word_1_166' title='bbox 686 2525 832 2599; x_wconf 91' lang='lat' dir='ltr'>demum</span> <span class='ocrx_word' id='word_1_167' title='bbox 851 2527 928 2599; x_wconf 90' lang='lat' dir='ltr'>NT</span> <span class='ocrx_word' id='word_1_168' title='bbox 942 2537 978 2599; x_wconf 90' lang='lat' dir='ltr'>et</span> <span class='ocrx_word' id='word_1_169' title='bbox 992 2526 1232 2622; x_wconf 86' lang='lat' dir='ltr'>productaad</span> <span class='ocrx_word' id='word_1_170' title='bbox 1243 2552 1358 2603; x_wconf 87' lang='lat' dir='ltr'>axem</span> 
     </span>
     <span class='ocr_line' id='line_1_21' title="bbox 312 2635 1357 2735; baseline 0.008 -28"><span class='ocrx_word' id='word_1_171' title='bbox 312 2636 349 2708; x_wconf 95' lang='lat' dir='ltr'>in</span> <span class='ocrx_word' id='word_1_172' title='bbox 367 2636 412 2723; x_wconf 88' lang='lat' dir='ltr'>V,</span> <span class='ocrx_word' id='word_1_173' title='bbox 431 2635 513 2708; x_wconf 89' lang='lat' dir='ltr'>dico</span> <span class='ocrx_word' id='word_1_174' title='bbox 531 2648 708 2732; x_wconf 92' lang='lat' dir='ltr'>punctum</span> <span class='ocrx_word' id='word_1_175' title='bbox 725 2640 755 2710; x_wconf 96' lang='lat' dir='ltr'>E</span> <span class='ocrx_word' id='word_1_176' title='bbox 774 2639 1026 2735; x_wconf 89' lang='lat' dir='ltr'>appariturum</span> <span class='ocrx_word' id='word_1_177' title='bbox 1043 2638 1081 2711; x_wconf 92' lang='lat' dir='ltr'>in</span> <span class='ocrx_word' id='word_1_178' title='bbox 1100 2638 1148 2728; x_wconf 94' lang='lat' dir='ltr'>N,</span> <span class='ocrx_word' id='word_1_179' title='bbox 1171 2652 1357 2734; x_wconf 87' lang='lat' dir='ltr'>punctum</span> 
     </span>
     <span class='ocr_line' id='line_1_22' title="bbox 312 2749 1114 2846; baseline 0.001 -25"><span class='ocrx_word' id='word_1_180' title='bbox 312 2749 344 2821; x_wconf 95' lang='lat' dir='ltr'>O</span> <span class='ocrx_word' id='word_1_181' title='bbox 363 2749 401 2820; x_wconf 94' lang='lat' dir='ltr'>in</span> <span class='ocrx_word' id='word_1_182' title='bbox 417 2749 460 2838; x_wconf 89' lang='lat' dir='ltr'>T,</span> <span class='ocrx_word' id='word_1_183' title='bbox 479 2760 516 2821; x_wconf 93' lang='lat' dir='ltr'>et</span> <span class='ocrx_word' id='word_1_184' title='bbox 534 2760 653 2821; x_wconf 90' lang='lat' dir='ltr'>totum</span> <span class='ocrx_word' id='word_1_185' title='bbox 671 2752 856 2846; x_wconf 86' lang='lat' dir='ltr'>objectum</span> <span class='ocrx_word' id='word_1_186' title='bbox 874 2752 949 2823; x_wconf 88' lang='lat' dir='ltr'>DE</span> <span class='ocrx_word' id='word_1_187' title='bbox 966 2751 1003 2823; x_wconf 89' lang='lat' dir='ltr'>in</span> <span class='ocrx_word' id='word_1_188' title='bbox 1024 2751 1114 2823; x_wconf 87' lang='lat' dir='ltr'>NV.</span> 
     </span>
    </p>

    <p class='ocr_par' dir='ltr' id='par_1_5' title="bbox 309 2861 1356 4319">
     <span class='ocr_line' id='line_1_23' title="bbox 362 2861 1355 2960; baseline 0.008 -28"><span class='ocrx_word' id='word_1_189' title='bbox 362 2861 458 2935; x_wconf 91' lang='lat' dir='ltr'>Nam</span> <span class='ocrx_word' id='word_1_190' title='bbox 472 2862 500 2934; x_wconf 88' lang='lat' dir='ltr'>si</span> <span class='ocrx_word' id='word_1_191' title='bbox 519 2862 595 2935; x_wconf 92' lang='lat' dir='ltr'>DL</span> <span class='ocrx_word' id='word_1_192' title='bbox 612 2875 707 2936; x_wconf 89' lang='lat' dir='ltr'>esset</span> <span class='ocrx_word' id='word_1_193' title='bbox 718 2865 904 2960; x_wconf 85' lang='lat' dir='ltr'>objectum</span> <span class='ocrx_word' id='word_1_194' title='bbox 914 2864 1032 2936; x_wconf 87' lang='lat' dir='ltr'>visum</span> <span class='ocrx_word' id='word_1_195' title='bbox 1043 2865 1181 2937; x_wconf 87' lang='lat' dir='ltr'>visione</span> <span class='ocrx_word' id='word_1_196' title='bbox 1196 2864 1355 2957; x_wconf 89' lang='lat' dir='ltr'>directa,</span> 
     </span>
     <span class='ocr_line' id='line_1_24' title="bbox 312 2976 1356 3073; baseline 0.008 -27"><span class='ocrx_word' id='word_1_197' title='bbox 312 2988 507 3071; x_wconf 89' lang='lat' dir='ltr'>appareret</span> <span class='ocrx_word' id='word_1_198' title='bbox 517 2976 599 3047; x_wconf 93' lang='lat' dir='ltr'>inV</span> <span class='ocrx_word' id='word_1_199' title='bbox 611 2976 657 3048; x_wconf 94' lang='lat' dir='ltr'>N.</span> <span class='ocrx_word' id='word_1_200' title='bbox 695 2977 921 3073; x_wconf 90' lang='lat' dir='ltr'>Supponitur</span> <span class='ocrx_word' id='word_1_201' title='bbox 932 2977 1030 3049; x_wconf 90' lang='lat' dir='ltr'>enim</span> <span class='ocrx_word' id='word_1_202' title='bbox 1041 2978 1069 3050; x_wconf 89' lang='lat' dir='ltr'>F</span> <span class='ocrx_word' id='word_1_203' title='bbox 1080 3000 1158 3050; x_wconf 91' lang='lat' dir='ltr'>esse</span> <span class='ocrx_word' id='word_1_204' title='bbox 1171 2990 1356 3073; x_wconf 90' lang='lat' dir='ltr'>punctum</span> 
     </span>
     <span class='ocr_line' id='line_1_25' title="bbox 312 3088 1355 3187; baseline 0.008 -27"><span class='ocrx_word' id='word_1_205' title='bbox 312 3088 587 3176; x_wconf 77' lang='lat' dir='ltr'>evanescentia,</span> <span class='ocrx_word' id='word_1_206' title='bbox 602 3100 638 3161; x_wconf 90' lang='lat' dir='ltr'>et</span> <span class='ocrx_word' id='word_1_207' title='bbox 657 3090 742 3179; x_wconf 89' lang='lat' dir='ltr'>DL,</span> <span class='ocrx_word' id='word_1_208' title='bbox 761 3090 843 3161; x_wconf 84' lang='lat' dir='ltr'>MC</span> <span class='ocrx_word' id='word_1_209' title='bbox 862 3113 940 3161; x_wconf 84' lang='lat' dir='ltr'>esse</span> <span class='ocrx_word' id='word_1_210' title='bbox 954 3090 1126 3185; x_wconf 87' lang='lat' dir='ltr'>aequalia;</span> <span class='ocrx_word' id='word_1_211' title='bbox 1145 3101 1182 3163; x_wconf 94' lang='lat' dir='ltr'>et</span> <span class='ocrx_word' id='word_1_212' title='bbox 1195 3093 1355 3187; x_wconf 89' lang='lat' dir='ltr'>proinde</span> 
     </span>
     <span class='ocr_line' id='line_1_26' title="bbox 310 3202 1355 3299; baseline 0.008 -27"><span class='ocrx_word' id='word_1_213' title='bbox 310 3216 488 3297; x_wconf 90' lang='lat' dir='ltr'>punctum</span> <span class='ocrx_word' id='word_1_214' title='bbox 506 3203 536 3274; x_wconf 93' lang='lat' dir='ltr'>L</span> <span class='ocrx_word' id='word_1_215' title='bbox 552 3202 738 3275; x_wconf 90' lang='lat' dir='ltr'>videretur</span> <span class='ocrx_word' id='word_1_216' title='bbox 752 3203 788 3275; x_wconf 94' lang='lat' dir='ltr'>in</span> <span class='ocrx_word' id='word_1_217' title='bbox 808 3203 856 3292; x_wconf 90' lang='lat' dir='ltr'>N,</span> <span class='ocrx_word' id='word_1_218' title='bbox 876 3214 912 3275; x_wconf 86' lang='lat' dir='ltr'>et</span> <span class='ocrx_word' id='word_1_219' title='bbox 928 3214 1105 3299; x_wconf 91' lang='lat' dir='ltr'>punctum</span> <span class='ocrx_word' id='word_1_220' title='bbox 1121 3204 1154 3276; x_wconf 95' lang='lat' dir='ltr'>D</span> <span class='ocrx_word' id='word_1_221' title='bbox 1168 3203 1206 3276; x_wconf 89' lang='lat' dir='ltr'>in</span> <span class='ocrx_word' id='word_1_222' title='bbox 1223 3212 1293 3279; x_wconf 71' lang='lat' dir='ltr'>aare</span> <span class='ocrx_word' id='word_1_223' title='bbox 1303 3208 1355 3281; x_wconf 89' lang='lat' dir='ltr'>ad</span> 
     </span>
     <span class='ocr_line' id='line_1_27' title="bbox 310 3315 1355 3413; baseline 0.007 -27"><span class='ocrx_word' id='word_1_224' title='bbox 310 3328 488 3411; x_wconf 88' lang='lat' dir='ltr'>punctum</span> <span class='ocrx_word' id='word_1_225' title='bbox 505 3315 548 3386; x_wconf 89' lang='lat' dir='ltr'>V.</span> <span class='ocrx_word' id='word_1_226' title='bbox 602 3315 675 3388; x_wconf 86' lang='lat' dir='ltr'>Sed</span> <span class='ocrx_word' id='word_1_227' title='bbox 694 3317 768 3388; x_wconf 89' lang='lat' dir='ltr'>DE</span> <span class='ocrx_word' id='word_1_228' title='bbox 786 3316 902 3388; x_wconf 87' lang='lat' dir='ltr'>visum</span> <span class='ocrx_word' id='word_1_229' title='bbox 921 3341 986 3411; x_wconf 91' lang='lat' dir='ltr'>per</span> <span class='ocrx_word' id='word_1_230' title='bbox 1004 3317 1189 3413; x_wconf 92' lang='lat' dir='ltr'>dioptrum</span> <span class='ocrx_word' id='word_1_231' title='bbox 1203 3318 1355 3393; x_wconf 87' lang='lat' dir='ltr'>videtur</span> 
     </span>
     <span class='ocr_line' id='line_1_28' title="bbox 311 3429 1355 3527; baseline 0.008 -28"><span class='ocrx_word' id='word_1_232' title='bbox 311 3429 378 3500; x_wconf 91' lang='lat' dir='ltr'>sub</span> <span class='ocrx_word' id='word_1_233' title='bbox 396 3429 524 3501; x_wconf 90' lang='lat' dir='ltr'>eodem</span> <span class='ocrx_word' id='word_1_234' title='bbox 546 3429 681 3524; x_wconf 84' lang='lat' dir='ltr'>angulo</span> <span class='ocrx_word' id='word_1_235' title='bbox 707 3429 852 3518; x_wconf 89' lang='lat' dir='ltr'>visorio,</span> <span class='ocrx_word' id='word_1_236' title='bbox 880 3431 946 3502; x_wconf 91' lang='lat' dir='ltr'>sub</span> <span class='ocrx_word' id='word_1_237' title='bbox 965 3455 1037 3526; x_wconf 91' lang='lat' dir='ltr'>quo</span> <span class='ocrx_word' id='word_1_238' title='bbox 1055 3432 1190 3527; x_wconf 82' lang='lat' dir='ltr'>angulo</span> <span class='ocrx_word' id='word_1_239' title='bbox 1204 3431 1355 3508; x_wconf 90' lang='lat' dir='ltr'>videtur</span> 
     </span>
     <span class='ocr_line' id='line_1_29' title="bbox 311 3542 1353 3639; baseline 0.006 -25"><span class='ocrx_word' id='word_1_240' title='bbox 311 3542 386 3614; x_wconf 94' lang='lat' dir='ltr'>DL</span> <span class='ocrx_word' id='word_1_241' title='bbox 402 3544 538 3637; x_wconf 86' lang='lat' dir='ltr'>absque</span> <span class='ocrx_word' id='word_1_242' title='bbox 556 3542 714 3638; x_wconf 88' lang='lat' dir='ltr'>dioptro,</span> <span class='ocrx_word' id='word_1_243' title='bbox 740 3557 779 3615; x_wconf 90' lang='lat' dir='ltr'>et</span> <span class='ocrx_word' id='word_1_244' title='bbox 804 3558 890 3617; x_wconf 86' lang='lat' dir='ltr'>sunt</span> <span class='ocrx_word' id='word_1_245' title='bbox 917 3545 1062 3639; x_wconf 86' lang='lat' dir='ltr'>objecta</span> <span class='ocrx_word' id='word_1_246' title='bbox 1090 3545 1123 3616; x_wconf 95' lang='lat' dir='ltr'>D</span> <span class='ocrx_word' id='word_1_247' title='bbox 1136 3546 1178 3633; x_wconf 90' lang='lat' dir='ltr'>E,</span> <span class='ocrx_word' id='word_1_248' title='bbox 1210 3546 1287 3618; x_wconf 91' lang='lat' dir='ltr'>DL</span> <span class='ocrx_word' id='word_1_249' title='bbox 1312 3546 1353 3621; x_wconf 90' lang='lat' dir='ltr'>in</span> 
     </span>
     <span class='ocr_line' id='line_1_30' title="bbox 311 3656 1353 3753; baseline 0.004 -26"><span class='ocrx_word' id='word_1_250' title='bbox 311 3656 439 3728; x_wconf 87' lang='lat' dir='ltr'>eadem</span> <span class='ocrx_word' id='word_1_251' title='bbox 457 3657 502 3728; x_wconf 89' lang='lat' dir='ltr'>ab</span> <span class='ocrx_word' id='word_1_252' title='bbox 521 3656 627 3727; x_wconf 90' lang='lat' dir='ltr'>oculo</span> <span class='ocrx_word' id='word_1_253' title='bbox 642 3657 837 3742; x_wconf 81' lang='lat' dir='ltr'>distantia3</span> <span class='ocrx_word' id='word_1_254' title='bbox 855 3658 1001 3731; x_wconf 90' lang='lat' dir='ltr'>videtur</span> <span class='ocrx_word' id='word_1_255' title='bbox 1014 3658 1139 3753; x_wconf 92' lang='lat' dir='ltr'>itaque</span> <span class='ocrx_word' id='word_1_256' title='bbox 1156 3658 1244 3749; x_wconf 88' lang='lat' dir='ltr'>DE,</span> <span class='ocrx_word' id='word_1_257' title='bbox 1262 3658 1353 3751; x_wconf 94' lang='lat' dir='ltr'>DL,</span> 
     </span>
     <span class='ocr_line' id='line_1_31' title="bbox 310 3767 1353 3866; baseline 0.007 -26"><span class='ocrx_word' id='word_1_258' title='bbox 310 3768 465 3841; x_wconf 88' lang='lat' dir='ltr'>alterum</span> <span class='ocrx_word' id='word_1_259' title='bbox 499 3792 565 3864; x_wconf 90' lang='lat' dir='ltr'>per</span> <span class='ocrx_word' id='word_1_260' title='bbox 595 3767 793 3865; x_wconf 89' lang='lat' dir='ltr'>dioptrum,</span> <span class='ocrx_word' id='word_1_261' title='bbox 833 3771 991 3844; x_wconf 92' lang='lat' dir='ltr'>alterum</span> <span class='ocrx_word' id='word_1_262' title='bbox 1025 3771 1102 3843; x_wconf 93' lang='lat' dir='ltr'>sine</span> <span class='ocrx_word' id='word_1_263' title='bbox 1134 3770 1280 3866; x_wconf 92' lang='lat' dir='ltr'>dioptro</span> <span class='ocrx_word' id='word_1_264' title='bbox 1312 3773 1353 3847; x_wconf 92' lang='lat' dir='ltr'>in</span> 
     </span>
     <span class='ocr_line' id='line_1_32' title="bbox 309 3880 1351 3979; baseline 0.006 -27"><span class='ocrx_word' id='word_1_265' title='bbox 309 3880 438 3953; x_wconf 92' lang='lat' dir='ltr'>eodem</span> <span class='ocrx_word' id='word_1_266' title='bbox 456 3883 547 3954; x_wconf 92' lang='lat' dir='ltr'>loco.</span> <span class='ocrx_word' id='word_1_267' title='bbox 602 3882 672 3954; x_wconf 90' lang='lat' dir='ltr'>Sed</span> <span class='ocrx_word' id='word_1_268' title='bbox 691 3883 768 3955; x_wconf 90' lang='lat' dir='ltr'>sine</span> <span class='ocrx_word' id='word_1_269' title='bbox 787 3883 932 3979; x_wconf 90' lang='lat' dir='ltr'>dioptro</span> <span class='ocrx_word' id='word_1_270' title='bbox 946 3884 1091 3956; x_wconf 90' lang='lat' dir='ltr'>videtur</span> <span class='ocrx_word' id='word_1_271' title='bbox 1108 3884 1184 3957; x_wconf 94' lang='lat' dir='ltr'>DL</span> <span class='ocrx_word' id='word_1_272' title='bbox 1200 3885 1351 3974; x_wconf 91' lang='lat' dir='ltr'>inVN;</span> 
     </span>
     <span class='ocr_line' id='line_1_33' title="bbox 310 3994 1352 4094; baseline 0.01 -30"><span class='ocrx_word' id='word_1_273' title='bbox 310 4017 397 4089; x_wconf 87' lang='lat' dir='ltr'>ergo</span> <span class='ocrx_word' id='word_1_274' title='bbox 428 3994 539 4066; x_wconf 87' lang='lat' dir='ltr'>etiam</span> <span class='ocrx_word' id='word_1_275' title='bbox 568 3994 605 4066; x_wconf 94' lang='lat' dir='ltr'>in</span> <span class='ocrx_word' id='word_1_276' title='bbox 631 3994 710 4065; x_wconf 93' lang='lat' dir='ltr'>VN</span> <span class='ocrx_word' id='word_1_277' title='bbox 734 3995 918 4069; x_wconf 87' lang='lat' dir='ltr'>videbitur</span> <span class='ocrx_word' id='word_1_278' title='bbox 949 3998 1024 4069; x_wconf 90' lang='lat' dir='ltr'>DE</span> <span class='ocrx_word' id='word_1_279' title='bbox 1055 4022 1122 4093; x_wconf 88' lang='lat' dir='ltr'>per</span> <span class='ocrx_word' id='word_1_280' title='bbox 1152 3997 1352 4094; x_wconf 88' lang='lat' dir='ltr'>dioptrum.</span> 
     </span>
     <span class='ocr_line' id='line_1_34' title="bbox 310 4106 1352 4208; baseline 0.008 -31"><span class='ocrx_word' id='word_1_281' title='bbox 310 4106 447 4178; x_wconf 88' lang='lat' dir='ltr'>Eadem</span> <span class='ocrx_word' id='word_1_282' title='bbox 475 4107 754 4181; x_wconf 84' lang='lat' dir='ltr'>ratiocinatione</span> <span class='ocrx_word' id='word_1_283' title='bbox 778 4110 983 4183; x_wconf 90' lang='lat' dir='ltr'>ostenditur</span> <span class='ocrx_word' id='word_1_284' title='bbox 1008 4111 1086 4184; x_wconf 93' lang='lat' dir='ltr'>DO</span> <span class='ocrx_word' id='word_1_285' title='bbox 1113 4135 1289 4208; x_wconf 87' lang='lat' dir='ltr'>apparere</span> <span class='ocrx_word' id='word_1_286' title='bbox 1311 4113 1352 4186; x_wconf 92' lang='lat' dir='ltr'>in</span> 
     </span>
     <span class='ocr_line' id='line_1_35' title="bbox 310 4219 1353 4319; baseline 0.009 -29"><span class='ocrx_word' id='word_1_287' title='bbox 310 4219 384 4291; x_wconf 88' lang='lat' dir='ltr'>VT</span> <span class='ocrx_word' id='word_1_288' title='bbox 397 4252 405 4304; x_wconf 92' lang='lat'>;</span> <span class='ocrx_word' id='word_1_289' title='bbox 433 4245 517 4293; x_wconf 86' lang='lat' dir='ltr'>narn</span> <span class='ocrx_word' id='word_1_290' title='bbox 548 4221 577 4292; x_wconf 91' lang='lat' dir='ltr'>C</span> <span class='ocrx_word' id='word_1_291' title='bbox 590 4222 614 4293; x_wconf 89' lang='lat' dir='ltr'>S</span> <span class='ocrx_word' id='word_1_292' title='bbox 646 4223 804 4297; x_wconf 88' lang='lat' dir='ltr'>sumitur</span> <span class='ocrx_word' id='word_1_293' title='bbox 830 4224 978 4319; x_wconf 83' lang='lat' dir='ltr'>aequalis</span> <span class='ocrx_word' id='word_1_294' title='bbox 1002 4235 1113 4298; x_wconf 86' lang='lat' dir='ltr'>rectae</span> <span class='ocrx_word' id='word_1_295' title='bbox 1139 4227 1172 4299; x_wconf 95' lang='lat' dir='ltr'>D</span> <span class='ocrx_word' id='word_1_296' title='bbox 1185 4226 1229 4312; x_wconf 90' lang='lat' dir='ltr'>R,</span> <span class='ocrx_word' id='word_1_297' title='bbox 1254 4224 1353 4299; x_wconf 87' lang='lat' dir='ltr'>exis-</span> 
     </span>
    </p>
   </div>
   <div class='ocr_carea' id='block_1_5' title="bbox 0 0 1474 4980">
    <p class='ocr_par' dir='ltr' id='par_1_6' title="bbox 0 0 1474 4980">
     <span class='ocr_line' id='line_1_36' title="bbox 0 0 1474 4980; baseline 0 3"><span class='ocrx_word' id='word_1_298' title='bbox 0 0 1474 4980; x_wconf 95' lang='lat' dir='ltr'> </span> 
     </span>
    </p>
   </div>
  </div>
 </body>
</html>
