2940 4980
317 300 367 367 48
718 317 771 368 na
789 316 970 369 nomme.

127 514 222 563 sacr.
242 516 283 568 11,
316 493 515 578 praesentet
532 484 720 581 speculum
734 509 956 571 concavum;
983 485 1102 582 sitque
1120 484 1256 561 oculus
1268 486 1315 561 in
1334 488 1374 561 F.

136 592 277 697 ,ξύ
318 598 484 670 Ducatur
513 611 615 672 recta
647 600 729 688 Fa,
757 625 839 696 quae
869 602 1081 674 reflectatur
1109 623 1176 696 per
1209 600 1307 691 EG,
1335 612 1376 674 et

108 735 179 780 Oculo
188 742 210 779 a
221 737 305 793 osteo
318 722 421 783 recta
437 713 465 783 F
479 712 520 801 C,
538 736 620 808 quae
638 713 850 786 reflectatur
865 737 932 810 per
957 714 1034 786 CH
1047 744 1057 797 ;
1081 714 1215 809 juncta
1238 724 1373 787 autem

104 801 288 911 fflffl
320 825 401 899 GH
425 836 663 920 repraesentet
687 827 884 921 objectum.
936 827 1065 923 ltaque
1089 825 1263 900 incidens
1289 826 1370 901 Gli

105 931 308 1051 lfflffit
320 939 530 1011 reflectetur
543 963 609 1036 per
623 940 703 1029 EF,
715 951 752 1013 et
769 939 934 1013 incidens
949 942 986 1013 H
1000 940 1108 1036 cper
1125 938 1207 1013 CF.
1237 939 1371 1015 Quare

105 1061 286 1169 iffimm
319 1064 498 1149 punctum
515 1054 548 1125 G
563 1052 747 1126 videbitur
757 1053 890 1127 alicubi
908 1053 946 1126 in
959 1053 1057 1127 linea
1068 1052 1210 1142 visuali,
1222 1053 1257 1126 si
1270 1078 1369 1151 opus

148 1160 162 1183 ⁰
206 1158 211 1169 ’
321 1177 388 1254 est,
412 1165 604 1262 producta,
623 1167 703 1241 FE.
757 1167 943 1257 Similiter,
966 1166 1150 1241 videbitur
1179 1178 1369 1264 punctum

320 1281 357 1351 H
376 1279 414 1352 in
430 1279 527 1354 linea
543 1279 672 1352 visuali
689 1279 772 1369 FC,
791 1280 901 1353 etiam
919 1281 950 1354 si
967 1304 1059 1376 opus
1077 1293 1144 1370 est,
1160 1280 1368 1377 producta.

317 1394 401 1467 Jam
419 1393 448 1465 si
462 1393 643 1490 punctaG
661 1403 699 1465 et
717 1393 754 1465 H
769 1405 892 1467 essent
906 1394 945 1466 in
955 1393 1042 1491 ipsis
1056 1393 1249 1490 punctisE
1264 1406 1305 1468 et
1323 1396 1368 1487 C,

317 1507 540 1596 viderentur,
565 1518 608 1579 ut
624 1530 691 1602 per
716 1530 755 1578 se
780 1506 1016 1580 manifestum
1032 1519 1100 1597 est,
1118 1507 1158 1579 in
1183 1506 1258 1580 illis
1276 1507 1368 1605 ipsis

317 1621 475 1716 punctis.
518 1619 758 1692 Manifestum
775 1620 864 1693 item
882 1633 950 1710 est,
968 1631 1078 1715 prout
1094 1619 1212 1715 magis
1226 1622 1369 1719 magis·

319 1758 390 1831 que
407 1733 647 1806 retrahuntur
671 1733 717 1805 ab
744 1732 814 1806 illis
830 1733 976 1830 punctis
1001 1733 1032 1805 Ε
1051 1744 1088 1808 et
1105 1733 1146 1824 C,
1164 1733 1218 1806 ita
1243 1736 1368 1833 magis

318 1846 530 1944 apparitura
548 1845 733 1918 esseultra
750 1847 950 1942 speculum.
991 1846 1255 1943 Supponuntur
1273 1872 1368 1947 ergo

319 1973 479 2034 retracta
496 1983 576 2033 esse
599 1960 646 2033 ad
665 1960 697 2033 G
715 1972 751 2033 et
770 1961 820 2051 H,
838 1962 900 2034 ubi
918 1985 962 2034 ea
990 1960 1263 2046 collocavimus3
1293 1962 1366 2037 du-

320 2085 523 2171 canturque
540 2074 608 2147 aG
625 2085 663 2147 et
680 2075 717 2147 H
742 2088 854 2148 rectae
872 2075 946 2165 GI,
966 2075 1053 2147 HK
1076 2073 1260 2171 parallelae
1279 2098 1369 2172 per-

318 2188 515 2285 pendiculo
547 2187 654 2278 oculi,
682 2212 813 2286 nempe
839 2201 951 2262 rectae
979 2188 1065 2278 ΑΒ,
1094 2199 1260 2262 secantes
1278 2190 1369 2281 FE,

320 2303 392 2376 FC
414 2303 611 2400 productas
636 2302 675 2374 in
701 2302 718 2375 I
743 2314 780 2376 et
798 2303 845 2377 K.
895 2302 988 2375 Dico
1005 2300 1084 2374 sore
1107 2313 1149 2375 ut
1174 2301 1370 2397 objectum

319 2427 494 2513 appareat
516 2416 613 2489 inter
637 2416 653 2487 1
672 2426 709 2490 et
727 2417 773 2506 K,
791 2440 934 2513 nempe,
961 2426 1140 2512 punctum
1166 2415 1198 2489 G
1216 2414 1256 2489 in
1274 2416 1305 2507 I,
1327 2430 1370 2492 et

318 2540 497 2625 punctum
515 2529 551 2601 H
571 2529 608 2602 in
627 2530 673 2603 K.

378 2643 631 2716 Producantur
661 2642 850 2715 indefinite
883 2642 1067 2739 parallelae
1102 2642 1174 2732 IG,
1201 2642 1287 2716 KH
1324 2645 1369 2719 in

318 2757 350 2829 L
366 2767 403 2829 et
422 2756 476 2846 M,
502 2769 539 2830 et
557 2769 786 2852 supponatur
812 2757 998 2852 objectum
1016 2756 1187 2830 collocari
1204 2756 1243 2828 in
1261 2757 1367 2833 LM.

319 2868 489 2942 Incideris
507 2892 595 2965 ergo
609 2894 632 2941 a
647 2880 785 2965 puncto
804 2870 847 2961 L,
866 2881 909 2943 ut
926 2871 1136 2944 reflectatur
1146 2870 1193 2943 ad
1211 2870 1366 2945 oculum

317 2985 356 3055 in
373 2984 413 3072 F,
431 2982 538 3057 cadet
564 2984 660 3057 iuter
677 2985 707 3057 E
726 2996 763 3058 et
781 2984 811 3057 B
828 3017 837 3069 ;
864 2995 903 3058 et
919 2984 1085 3058 incidens
1112 3010 1135 3058 a
1150 2996 1292 3082 puncto
1306 2984 1366 3076 M,

318 3107 360 3169 ut
373 3098 584 3171 reflectatur
600 3097 649 3170 ad
665 3097 762 3171 idem
780 3108 959 3194 punctum
985 3097 1024 3187 F,
1039 3097 1146 3171 cadet
1163 3097 1259 3171 inter
1275 3097 1308 3171 C
1325 3110 1368 3173 et

317 3211 370 3295 E;
397 3221 434 3283 et
459 3210 643 3284 videbitur
661 3211 846 3308 objectum
871 3235 938 3307 per
955 3211 1044 3284 alias
1061 3211 1218 3284 visuales
1249 3234 1366 3308 quam

318 3325 401 3412 FB,
427 3325 496 3398 FC
513 3334 551 3398 et
575 3324 692 3421 magis
709 3325 808 3398 ultra
828 3324 1028 3422 speculum.
1080 3325 1178 3398 Nam
1195 3348 1268 3421 quo
1294 3325 1364 3399 ob-

313 3441 453 3535 jectum
471 3463 494 3511 a
510 3438 657 3534 speculo
674 3440 852 3513 remotius
869 3450 937 3528 est,
955 3462 999 3511 eo
1019 3438 1131 3511 etiam
1147 3439 1251 3511 locus
1269 3438 1364 3513 ima-

317 3555 412 3650 ginis
426 3554 472 3625 ab
489 3553 618 3625 eodem
638 3552 785 3649 speculo
803 3553 875 3626 erit
891 3552 1078 3641 remotior,
1096 3551 1363 3649 apparebitque

318 3667 385 3739 sub
407 3667 547 3739 minore
578 3665 712 3760 angulo
740 3690 883 3762 semper
913 3667 1045 3755 minor,
1065 3666 1181 3739 donec
1207 3666 1245 3738 in
1269 3668 1363 3741 satis

318 3804 451 3876 magna
484 3778 687 3852 remotione
721 3779 903 3870 deveniat,
937 3792 1087 3877 propter
1121 3779 1363 3877 exiguitatem

317 3894 443 3989 anguli
452 3892 588 3981 visorii,
601 3891 803 3982 invisibilis,
817 3893 989 3967 nimirum
1008 3894 1223 3967 coeuntibus
1240 3894 1391 4005 paral-x

317 4006 395 4079 lelis
422 4007 460 4079 in
490 4007 610 4103 ipsum
640 4006 737 4078 oculi
762 4005 1075 4103 perpendiculum.
1127 4007 1249 4102 Atque
1278 4006 1364 4082 haec

318 4120 467 4215 quidem
494 4143 569 4193 una
596 4142 706 4192 causa
731 4130 786 4194 est
804 4144 849 4193 ex
867 4120 911 4193 iis
928 4145 1010 4218 quae
1037 4121 1160 4194 locum
1189 4120 1363 4217 imaginis

318 4233 576 4322 determinant,
593 4256 724 4328 nempe
743 4232 842 4329 quod
858 4234 960 4307 locus
985 4233 1155 4330 imaginis
1169 4233 1217 4307 ad
1234 4258 1363 4332 specu-

316 4349 395 4423 lum
410 4346 554 4423 accedit
566 4358 605 4422 et
618 4348 759 4423 recedit
776 4349 815 4422 in
827 4347 1010 4447 parallelis
1028 4348 1045 4421 I
1060 4348 1103 4439 G,
1119 4348 1154 4423 K
1167 4348 1217 4424 H.
