2940 4980
311 351 355 418 18
698 369 752 421 ou
773 369 954 422 noman.

119 567 216 619 „m
229 567 267 624 u,
307 521 428 597 subito
453 522 603 600 amittit.
655 523 760 599 Moto
785 524 910 621 itaque
935 546 1001 620 per
1026 522 1175 620 aliquod
1202 532 1349 620 tempus

119 646 262 752 ,ξύ
307 635 473 727 cerebro,
488 659 604 711 nervo
626 638 751 734 optico
774 650 813 713 ct
842 638 973 731 retina,
992 660 1142 717 necesse
1159 637 1349 715 eutationi

110 785 259 835 natan
307 772 374 847 per
396 749 547 847 aliquod
571 761 715 848 tempus
740 751 880 826 moveri
904 750 1112 848 imaginem,
1139 750 1179 827 id
1198 761 1264 841 est,
1281 751 1350 827 ob·

106 852 282 971 2¹2³
303 866 405 960 jecta
434 865 514 960 ipsa
543 876 645 937 mota
671 863 809 948 videri;
838 863 949 960 idque
976 864 1105 940 eodem
1131 863 1242 941 modo
1273 887 1349 960 quo

307 978 447 1055 moveri
463 978 694 1070 videbantur,
713 978 801 1053 dum
819 990 1028 1057 moveretur
1044 1002 1185 1055 currus.

357 1093 511 1190 Propter
520 1092 676 1169 eandem
689 1093 870 1169 rationem
881 1093 937 1184 iia,
951 1094 1016 1190 qui
1027 1092 1195 1169 celeriter
1207 1103 1246 1168 et
1257 1091 1350 1167 satis

305 1205 418 1305 longo
434 1217 600 1304 tempore
619 1207 657 1282 in
674 1231 807 1306 gyrum
824 1230 864 1283 ae
881 1218 1154 1298 converterunt,
1178 1205 1351 1281 videntur

305 1321 430 1397 omnia
447 1320 585 1396 circum
602 1321 701 1396 circa
717 1322 862 1418 objecta
885 1322 1052 1396 converti
1069 1321 1144 1396 sive
1161 1321 1199 1395 in
1216 1343 1351 1417 gyrum

305 1435 445 1511 moveri
462 1447 568 1510 motu
585 1436 783 1527 contrario,
800 1435 978 1532 paulatim
996 1435 1136 1509 scilicet
1152 1433 1351 1511 restituen-

308 1550 408 1625 tibus
434 1574 514 1624 oese
540 1551 579 1625 in
604 1551 686 1625 loca
710 1550 861 1648 propria
882 1549 1047 1645 partibus
1073 1547 1227 1638 cerebri,
1245 1547 1350 1621 nervi

307 1664 422 1761 optici
439 1675 477 1739 et
495 1665 637 1756 retiuae,
664 1688 748 1761 quae
775 1689 798 1739 a
815 1663 1052 1738 conversione
1068 1663 1106 1737 iu
1123 1676 1246 1760 partas
1262 1685 1351 1759 age-

306 1776 444 1852 bantur
460 1779 673 1855 contrarias.

348 1893 540 1966 Hactenus
551 1891 597 1965 de
607 1891 705 1966 linea
713 1891 1180 1989 visuali,phaenomeniaque
1191 1891 1351 1968 indeac-

307 2004 525 2079 cidentibus.
570 2006 743 2081 Dicemus
756 2006 924 2103 proximo
936 2007 1018 2081 loco
1029 2005 1075 2079 de
1085 2005 1350 2102 magnitudine,

305 2119 483 2195 distantia
505 2131 543 2195 et
565 2122 685 2219 figura
701 2120 740 2198 in
757 2121 897 2197 visione
919 2121 1060 2201 directa
1074 2120 1349 2222 apparentibus.

734 2344 928 2355 *-

734 2357 928 2379 ψ

695 2502 857 2577 CAPUT
882 2502 950 2576 111.

340 2651 388 2701 ΒΕ
406 2650 551 2702 omuc'rl
567 2651 657 2704 LOCO
675 2652 900 2716 APPARENTE,
918 2650 1009 2719 SIVE,
1028 2651 1075 2702 UT
1092 2649 1311 2708 LOQUUNTUR

416 2752 606 2818 Puuulcnn,
624 2753 671 2803 DE
691 2754 780 2803 mco
799 2752 1048 2804 munimenta
1066 2752 1238 2804 vlslounu

497 2854 696 2919 munerant,
722 2855 762 2904 11)
779 2855 856 2920 EST,
883 2854 942 2904 UBI
959 2854 1077 2905 NULLA
1094 2854 1158 2904 EST

551 2955 728 3006 menenio
746 2955 867 3012 NEQUE
886 2955 1098 3008 auunculo.

307 3076 334 3131 1.
355 3071 453 3131 Iocus
475 3071 608 3148 imaginis
626 3071 732 3148 quibua
745 3072 831 3130 rebus
844 3071 1066 3140 detenninatur3
1088 3071 1216 3148 cognitio
1229 3069 1285 3128 loci
1298 3068 1351 3127 ob·

340 3163 413 3241 jecti
423 3165 538 3223 bucaria
551 3164 656 3223 sufficit
668 3165 705 3224 ad
715 3165 910 3242 cognitionem
923 3165 978 3223 loci
996 3163 1170 3240 simpliciter.
1210 3167 1239 3227 2.
1258 3160 1351 3221 Linea

348 3265 443 3333 potoet
462 3276 523 3316 caue
537 3266 595 3315 tam
608 3277 705 3335 parva,
726 3266 755 3316 et
775 3257 921 3336 objectum
940 3256 1069 3315 irradiari
1088 3255 1143 3315 sub
1165 3264 1224 3313 tarn
1244 3255 1350 3330 exigno

347 3351 462 3429 angulo,
484 3360 518 3409 nt
538 3351 617 3410 nulla
633 3353 693 3432 ejus
708 3352 760 3410 fiat
779 3352 881 3410 sensio.
921 3355 949 3410 3.
968 3349 1065 3408 Locus
1084 3348 1190 3427 objecti
1212 3364 1352 3425 apparens

346 3463 460 3523 semper
481 3446 565 3504 oculo
585 3447 775 3523 propinquior
794 3456 837 3504 eat
857 3448 886 3503 in
910 3445 1019 3502 risione
1040 3444 1156 3512 directa,
1170 3440 1351 3519 quamlocua

343 3556 436 3595 verna.
476 3543 507 3596 4.
527 3536 606 3594 Data
632 3537 829 3613 magnitudine
858 3537 964 3615 objecti
984 3545 1139 3614 apparente
1159 3536 1189 3592 in
1209 3551 1267 3592 una
1293 3532 1351 3590 dia·

345 3631 444 3701 tantia,
467 3629 553 3688 datur
568 3629 649 3687 locuo
667 3628 728 3705 ejua
748 3648 887 3706 apparent
900 3631 928 3688 in
943 3628 1229 3705 distantiaqualibet.
1267 3630 1296 3686 5.
1318 3625 1349 3685 si

345 3720 492 3798 objectum
505 3721 620 3780 duobus
633 3721 724 3780 oculis
736 3730 890 3798 spectetur,
900 3721 992 3800 majus
1000 3721 1151 3800 apparebit
1160 3738 1248 3798 quam
1257 3720 1282 3777 ai
1293 3737 1351 3777 uno

346 3819 477 3885 tantum
497 3823 526 3872 ct
545 3833 611 3891 quae
631 3813 699 3871 inde
718 3822 941 3889 consequuntur.
981 3818 1009 3873 6.
1030 3812 1185 3891 0bjectum
1199 3831 1258 3889 quo
1270 3810 1351 3868 debi-

348 3905 404 3964 lius
423 3908 491 3985 agit,
513 3925 548 3964 eo
570 3906 683 3964 videtur
702 3907 867 3975 obscuriua3
897 3913 926 3963 et
949 3925 1014 3982 quae
1033 3905 1100 3963 inde
1124 3911 1351 3981 consequuntur·

345 3999 375 4061 7·
396 3998 481 4057 Luna
494 4018 583 4078 quare
597 4000 722 4058 interdiu
735 3999 852 4057 dilutior
862 4000 1012 4075 minorque
1023 4008 1142 4076 apparet
1152 4016 1239 4075 quam
1252 4005 1350 4055 noctu.

345 4094 374 4148 8.
394 4091 492 4155 Quare
518 4093 607 4151 atcllae
635 4091 711 4162 fixae,
734 4096 800 4150 curn
821 4093 878 4150 sint
901 4111 986 4168 poene
1009 4092 1239 4162 innumerabiles,
1260 4099 1351 4150 terrea

346 4183 441 4241 minua
455 4185 596 4243 illuabant
608 4185 693 4244 timul
706 4204 814 4254 omnes,
824 4204 912 4262 quam
925 4185 1002 4244 luna.

310 4309 342 4378 1.
362 4303 465 4380 Qun
478 4303 601 4382 locum
609 4303 857 4383 determinant
870 4305 1007 4404 objecti
1018 4303 1350 4405 cujuscuuqnetrio
