2940 4980
199 210 265 273 136
510 222 710 275 EPISTULA
732 220 1037 273 nssnrcn'romn.

191 428 387 501 virtutibus
417 428 529 524 pacis,
555 426 605 500 ad
630 426 907 501 similitudinem
934 426 1004 501 Dei
1033 426 1277 511 acceditun
1304 426 1356 499 hic

191 593 343 677 propter
361 577 538 650 malorum
556 576 787 675 pravitatem,
813 576 1083 651 recurrendum
1111 578 1244 653 etiam
1261 578 1357 653 bonis

192 740 260 815 est,
287 727 318 799 si
336 750 374 799 se
391 727 487 800 tucri
504 726 644 811 volunt,
659 727 707 800 ad
721 727 877 799 virtutes
889 726 1039 800 bellicas
1059 726 1144 800 vim
1161 742 1208 801 et
1223 726 1357 815 dolum,

194 878 232 951 id
266 891 334 961 cst,
360 876 407 949 ad
431 876 586 950 ferinam
618 878 869 973 rapacitatem.
922 876 1044 951 (luam
1073 878 1155 951 etsi
1188 878 1360 952 homines

193 1054 261 1126 pro
287 1030 447 1102 com-itio
474 1029 628 1101 imieem
652 1030 839 1124 objiciant,
867 1052 970 1101 more
986 1026 1137 1117 innato,
1167 1028 1284 1103 facta
1300 1054 1362 1103 sua

193 1180 232 1252 in
249 1180 414 1275 personis
431 1179 598 1267 aliorum,
617 1192 791 1274 tanquam
811 1180 848 1252 in
866 1176 1014 1275 speculo
1026 1176 1193 1253 sinistra
1212 1178 1361 1267 dextra,

194 1330 482 1403 dextrasinistra
498 1328 765 1411 existimantem
784 1329 914 1401 vitium
933 1339 1055 1400 tamen
1067 1350 1157 1401 esse
1171 1353 1258 1403 non
1275 1330 1363 1403 sinit

193 1478 399 1575 profectum
425 1504 448 1551 a
472 1478 691 1551 necessitate
709 1476 995 1550 conservationis
1011 1476 1183 1571 propriae
1207 1479 1279 1575 jus
1297 1504 1362 1553 na·

193 1628 322 1701 turale.
386 1628 496 1703 Quod
525 1642 648 1700 antem
677 1628 821 1717 Catoni,
847 1629 926 1700 viro
956 1626 1153 1724 sapientiae
1187 1630 1364 1705 celebra·

194 1777 356 1866 tissimae,
385 1778 510 1850 odium
537 1803 605 1874 pro
633 1778 785 1873 judicio,
816 1780 968 1850 affectus
1000 1799 1068 1873 pro
1099 1778 1261 1854 ratione
1291 1782 1363 1855 im-

194 1950 330 2023 ponere
356 1926 394 1997 in
420 1940 564 2000 tantum
592 1929 727 2025 potuit,
754 1939 797 2000 ut
826 1928 926 2024 qnod
954 1950 1099 2023 aequum
1127 1928 1170 2009 in
1211 1932 1362 2028 populo

195 2098 274 2162 suo,
293 2073 389 2146 idem
407 2098 512 2169 reges
529 2075 649 2149 facere
667 2077 833 2172 iniquum
852 2088 1029 2166 censeret,
1043 2077 1173 2151 mirari
1187 2079 1362 2157 fortasse

195 2224 258 2297 alii
282 2236 479 2321 poterunt;
506 2252 575 2323 ego
602 2254 689 2301 sane
717 2231 753 2303 in
778 2254 822 2302 ea
849 2231 1022 2327 opinione
1048 2232 1125 2326 jam
1153 2230 1226 2305 diu
1258 2258 1360 2326 sum,

196 2398 316 2469 neque
334 2377 519 2471 egregiam
541 2380 760 2452 sententiam
788 2404 950 2475 unquam
970 2380 1081 2453 fuisse
1099 2404 1186 2475 quae
1202 2384 1362 2479 placuit

196 2524 344 2620 populo,
359 2550 478 2623 neque
491 2528 708 2623 sapientiam
720 2530 861 2625 vulgari
875 2531 1050 2625 majorem
1063 2528 1176 2625 vulgo
1191 2537 1361 2628 agnosci

196 2696 320 2769 posse;
339 2674 474 2772 quippe
492 2702 602 2773 quam
620 2679 677 2750 vel
694 2703 768 2750 non
786 2678 1008 2773 intelligunt,
1023 2677 1081 2750 vel
1093 2678 1361 2777 intelligentes

197 2833 357 2914 aequant.
410 2822 621 2896 Graecornm
640 2824 964 2919 Romanorumque
981 2824 1080 2897 facta
1103 2835 1141 2896 et
1166 2822 1276 2899 dicta
1291 2853 1358 2902 ce-

197 2966 313 3040 lebria
329 2994 402 3042 non
427 2972 534 3057 ratio,
565 2972 631 3044 sed
658 2970 887 3066 magnitudo,
915 2981 954 3042 et
980 2994 1077 3067 saepe
1102 2968 1194 3041 illud
1222 2970 1357 3068 ipsum

197 3116 376 3214 lupinum,
389 3121 488 3216 qnod
499 3135 627 3195 mutuo
639 3123 874 3218 exprobrant,
885 3120 1047 3195 historiae
1058 3120 1354 3215 commendavit,

199 3294 282 3366 quae
306 3297 380 3345 una
408 3298 491 3345 cum
514 3274 671 3369 publicis
697 3272 903 3345 actionibus
930 3283 1072 3344 actores
1099 3294 1165 3368 per
1192 3294 1353 3351 cursum

198 3424 404 3498 seculorum
423 3425 582 3497 devolvit
600 3425 882 3521 qualescunque.
936 3422 1124 3520 Sapientia
1143 3445 1233 3495 vera
1249 3425 1350 3500 nihil

199 3572 298 3647 aliud
324 3586 380 3647 est
406 3600 515 3672 qnam
537 3575 573 3647 in
596 3574 696 3647 omni
715 3574 870 3646 materia
886 3573 1052 3646 veritatis
1070 3573 1234 3645 scientia.
1289 3576 1349 3649 Ea

198 3746 298 3812 vero,
325 3750 408 3796 cum
426 3751 449 3798 a
467 3726 643 3797 memoria
660 3747 782 3797 rerum
798 3749 865 3820 per
882 3723 1145 3821 appellationes
1163 3736 1286 3797 certas
1305 3740 1348 3801 et

199 3870 370 3943 definitas
387 3872 549 3944 excitata
564 3871 762 3961 derivetur,
776 3858 850 3944 nou
865 3872 977 3945 animi
991 3872 1085 3945 acris
1102 3882 1142 3943 et
1157 3872 1347 3968 repentini

198 4020 370 4117 impetus,
397 4022 461 4093 sed
490 4021 644 4095 rationis
669 4032 792 4111 rectae,
818 4021 857 4093 id
883 4033 951 4110 est,
979 4021 1221 4118 philosophiae
1248 4046 1346 4118 opus

200 4185 267 4246 est.
321 4175 388 4246 Per
401 4175 496 4246 hanc
510 4174 606 4246 enim
621 4198 643 4245 a
655 4197 778 4247 rerum
791 4175 1017 4271 singularum
1031 4171 1346 4269 contemplatione
