2940 4980
307 320 355 386 42
709 335 763 388 DE
779 333 962 390 Homul.

117 529 214 583 sncr.
233 532 271 587 11.
306 501 389 597 plus
406 524 517 598 quem
534 504 673 579 centies
690 506 807 602 mnj0r
821 528 931 602 quam
948 513 1103 579 estsere
1118 514 1240 581 terrae
1258 528 1368 604 mag-

125 610 266 716 ss
306 614 452 699 uitudo.

97 750 262 827 nuceum¹
358 739 392 803 2.
421 730 465 803 ld
483 730 581 826 quod
605 731 714 806 modo
741 744 930 807 ostensum
947 744 1004 807 est
1033 731 1078 806 de
1096 733 1267 830 speculis
1287 759 1365 810 non

97 816 286 939 {fflfifliim
309 842 511 940 diophanis,
529 845 651 942 qualia
664 857 841 942 suntquae
858 848 987 920 fiunte
1004 846 1157 943 chalybe
1169 846 1277 922 bene
1296 873 1363 945 po·

97 947 286 1072 ffilffim
308 957 388 1047 lito,
394 982 521 1032 verum
532 984 677 1055 quoque
690 972 745 1033 est
758 960 796 1033 in
810 960 1015 1056 (liephsnis
1028 959 1093 1033 sed
1105 960 1145 1033 in
1156 959 1234 1034 illis
1246 962 1364 1036 unius

308 1072 443 1167 objecti
456 1097 529 1148 una
540 1085 685 1148 tuntum
695 1074 873 1169 imogo,in
883 1074 940 1147 his
953 1074 1076 1170 plures
1086 1096 1166 1147 esse
1177 1090 1360 1170 possunt.

358 1184 454 1261 Nem
475 1187 526 1279 (in
545 1189 607 1283 fig.
626 1189 666 1280 2)
688 1187 718 1260 si
736 1187 924 1283 speculum
941 1188 975 1260 A
989 1188 1020 1259 B
1033 1188 1106 1260 CD
1133 1187 1180 1260 sit
1199 1188 1363 1284 diapho-

307 1323 407 1388 num‚
443 1312 482 1374 et
510 1302 695 1396 objectum
721 1301 760 1374 in
780 1302 823 1390 ll,
842 1300 969 1374 oculus
994 1302 1033 1374 in
1068 1301 1107 1391 F,
1136 1300 1269 1377 rudius
1282 1305 1363 1378 ΕΒ

306 1408 508 1510 perplures
525 1415 763 1489 refractiones
782 1425 819 1488 et
845 1414 1074 1487 reflectiones
1097 1414 1224 1488 veniet
1241 1416 1293 1489 ed
1313 1418 1362 1509 A,

307 1540 345 1601 et
367 1527 452 1601 inde
477 1528 526 1602 ad
543 1528 690 1602 oculum
708 1528 747 1600 in
763 1528 815 1612 F;
844 1540 881 1601 et
897 1527 1081 1601 videbitur
1107 1527 1302 1623 objectum
1320 1532 1363 1607 in

307 1641 380 1714 FA
393 1642 422 1715 1.
476 1643 570 1716 Item
593 1641 717 1716 radius
734 1642 765 1715 Ε
780 1642 813 1714 Κ
831 1665 898 1737 per
914 1641 1038 1737 plures
1055 1641 1303 1718 retractiones
1321 1657 1364 1719 et

307 1755 537 1829 reflectiones
567 1755 689 1828 veniet
717 1753 765 1827 ad
795 1756 836 1845 L,
870 1767 908 1828 et
935 1754 1021 1827 inde
1055 1755 1103 1829 ed
1133 1756 1288 1833 oculum
1317 1760 1360 1851 F,

309 1880 347 1942 et
371 1869 557 1942 videbitur
579 1869 610 1941 Ε
637 1868 677 1942 in
702 1881 805 1942 recte
829 1867 964 1941 FLM.
1009 1868 1103 1942 Item
1130 1867 1258 1943 radius
1282 1872 1363 1947 EG

307 2005 373 2077 per
390 1982 592 2077 simplicem
618 1981 868 2055 reflectionem
884 1982 1007 2055 veniet
1023 1982 1072 2056 ad
1085 1983 1125 2073 F,
1143 1993 1181 2055 et
1197 2008 1362 2081 appare-

308 2096 363 2170 bit
381 2096 412 2169 Ε
429 2096 468 2170 in
485 2107 588 2170 recte
605 2096 742 2170 FGH.

664 2229 982 2283 nnmummuus,

97 2349 242 2395 nuncius
359 2332 393 2397 3.
421 2344 449 2397 1.
479 2321 654 2397 Centrum
672 2322 818 2419 speculi
836 2335 892 2396 est
909 2332 1077 2396 centrum
1103 2321 1271 2416 ephrem,
1292 2348 1363 2401 ou-

97 2416 198 2474 ¹¹¹¹'²⁰‘¹¹¹⁰'
304 2437 365 2531 jus
386 2437 590 2532 superficiei
603 2460 689 2533 pars
703 2447 759 2509 cst
783 2436 922 2532 speculi
946 2435 1155 2532 superficies
1173 2460 1361 2514 convexa.

359 2573 404 2623 11.
431 2549 746 2649 Perpendiculum
758 2551 894 2647 puncti
922 2550 961 2623 in
985 2549 1128 2643 objecto
1152 2551 1360 2645 cujuscun-

309 2690 380 2763 que
398 2678 454 2740 est
469 2678 572 2740 rectu
581 2666 678 2740 lines
694 2666 740 2738 eb
759 2688 803 2738 eo
819 2676 956 2761 puncto
976 2663 1086 2737 ducta
1102 2687 1169 2760 per
1182 2676 1363 2741 centrum

309 2780 457 2876 speculi.

360 2918 424 2969 111.
443 2891 756 2991 Perpendiculum
774 2891 873 2964 oculi
891 2904 948 2966 est
960 2902 1063 2965 recte
1075 2891 1172 2965 linea
1183 2891 1229 2965 ab
1243 2893 1360 2969 oculo

309 3009 420 3083 ductu
435 3032 501 3105 per
518 3019 686 3081 centrum
704 3006 853 3103 speculi.

359 3143 415 3195 1v.
441 3120 579 3194 Vertec
596 3110 812 3218 spectabest
829 3128 1008 3215 punctum
1018 3119 1057 3190 in
1073 3117 1211 3214 speculi
1223 3142 1357 3216 super-

308 3234 390 3308 ficie
412 3234 451 3306 in
477 3232 577 3330 quod
602 3233 732 3308 incidit
748 3232 1049 3328 perpendiculum
1067 3232 1175 3305 oculi.

358 3370 397 3420 v.
425 3346 590 3421 Circulus
608 3372 718 3444 quem
731 3347 771 3419 in
789 3346 917 3419 charte
930 3345 1100 3419 describo
1114 3346 1194 3422 vice
1211 3347 1353 3442 speculi

311 3462 490 3554 (convexa
516 3461 613 3535 enim
639 3462 677 3534 in
702 3461 812 3558 plano
830 3460 988 3534 describi
1011 3484 1085 3533 non
1102 3460 1271 3557 possunt)
1294 3471 1355 3535 est

309 3574 512 3648 communis
525 3575 639 3647 sectio
652 3574 767 3670 ipsius
780 3574 917 3648 chartae
933 3573 1053 3670 planae
1070 3585 1107 3646 et
1129 3574 1293 3669 sphoerae,
1312 3574 1351 3647 in

310 3689 412 3783 cujus
440 3687 630 3782 superficie
654 3686 872 3781 intelligitur
884 3711 963 3760 esse
975 3688 1185 3783 superficies
1198 3687 1351 3781 speculi,

310 3825 392 3898 quae
405 3801 539 3875 transit
555 3824 621 3896 per
637 3812 775 3896 puncto
792 3810 950 3898 quatuor
965 3801 1058 3875 haec.
1114 3812 1144 3874 l.
1172 3800 1352 3875 Centrum

310 3914 459 4012 speculi.
511 3929 545 3988 2.
574 3915 754 3986 Punctum
771 3914 810 3986 in
827 3915 973 4010 objecto
991 3915 1275 3989 consideratum.
1313 3924 1350 3989 3.

312 4028 490 4101 Centrum
503 4027 652 4111 retinae;
671 4039 708 4100 et
718 4037 754 4100 4.
770 4028 952 4102 Punctum
969 4030 1187 4103 reflexionis

361 4142 401 4215 Si
425 4154 601 4237 pmretum
628 4140 817 4237 quodlibet
844 4142 978 4236 objecti
1014 4143 1053 4216 in
1080 4166 1299 4239 quecunque
1326 4169 1351 4217 a

308 4254 456 4353 speculo
491 4278 653 4329 convexo
687 4253 862 4329 distantia
887 4256 1056 4351 oculique
1082 4256 1156 4331 situ
1183 4281 1349 4353 quocun-
