2940 4980
302 306 370 373 122
689 320 742 371 oa
762 318 945 372 nonina.

111 520 208 570 sacr,
225 520 262 571 n.
298 486 536 559 resuscitatus
562 487 621 575 sit,
639 497 803 575 manent,
819 486 939 583 iuquit
966 489 1199 583 apostolus,
1217 504 1348 587 peecata

116 598 256 701 ᾇ
298 610 438 673 nostra.

117 738 216 781 snum
349 716 383 795 7.
411 714 504 785 Cum
522 738 610 809 ergo
627 714 744 809 pietas
770 724 915 787 constet
935 711 1023 803 fide,
1037 714 1212 809 justitia
1230 730 1269 791 et
1283 718 1350 791 cha

115 802 274 925 ζ’,ξξῖξζὲῗζζι
299 825 432 909 ritate;
468 826 612 921 justitia
644 841 769 900 autem
807 836 846 901 ct
883 826 1045 901 charitas
1087 828 1265 905 virtutes
1295 832 1350 905 sint

298 939 472 1021 morales;
486 964 558 1011 non
572 964 719 1035 possum
732 940 775 1012 iis
786 939 955 1015 assentiri
966 940 1030 1036 qui
1041 944 1351 1041 easappellanrnt

299 1052 490 1147 splendida
506 1064 668 1149 peecata.
722 1053 910 1148 Siquidem
925 1052 1024 1125 enim
1037 1070 1215 1149 peecata
1232 1072 1352 1143 esseut,

299 1176 436 1260 quanto
455 1166 535 1260 quis
554 1166 696 1238 caeteris
712 1166 922 1239 hominihus
939 1168 1110 1241 sanctior
1127 1184 1249 1257 esset,
1260 1182 1351 1245 tante

298 1277 351 1350 illi
366 1280 486 1351 minus
500 1280 601 1351 credi
613 1279 775 1369 deberet,
789 1290 830 1352 ut
840 1280 962 1353 minus
971 1280 1089 1374 justo.
1123 1284 1238 1358 Quid
1252 1284 1351 1381 igitur

299 1404 365 1481 est,
385 1392 485 1488 quod
503 1394 581 1465 Deo
598 1394 636 1465 in
654 1392 697 1465 iis
715 1392 884 1489 displicet
897 1392 961 1489 qui
973 1392 1171 1488 justitiam
1190 1396 1350 1473 faciunt?

300 1506 477 1602 Displicet
492 1507 578 1595 fide,
605 1506 728 1593 idest,
746 1507 895 1603 pietatis
913 1506 1074 1579 maxima
1089 1520 1212 1603 parte
1230 1534 1350 1585 caten

299 1620 393 1691 tium
422 1620 617 1693 simulatio.
670 1620 767 1693 Nam
785 1620 854 1693 etsi
872 1643 984 1715 opera
1000 1642 1134 1693 eorum
1166 1624 1349 1719 permulta

295 1734 395 1827 justa
406 1733 554 1821 fuerint,
572 1733 641 1828 ipsi
658 1744 794 1819 tamen,
808 1732 869 1828 qni
888 1756 1001 1828 opera
1013 1733 1117 1827 justa
1136 1748 1183 1809 et
1197 1736 1350 1811 elcemo

299 1869 408 1941 synas
425 1846 567 1919 faciunt
584 1846 631 1917 ad
648 1846 803 1941 gloriam
822 1858 967 1919 mutum
978 1844 1038 1917 vel
1050 1845 1101 1918 ad
1114 1870 1215 1943 opes
1233 1850 1350 1947 aequi·

299 1958 431 2031 rendas
443 1959 503 2032 vel
515 1959 562 2031 ad
573 1982 720 2055 poenarn
734 1958 932 2047 vitandam,
946 1958 1073 2054 injusti
1086 1974 1195 2035 sunt.
1226 1964 1349 2060 ltaque

300 2072 480 2144 sacrificia
496 2071 621 2167 populi
639 2072 695 2144 sui
713 2071 832 2145 odisse
843 2072 979 2145 dicitur
991 2072 1104 2161 Deus,
1117 2097 1210 2171 quae
1229 2088 1350 2151 tamen

300 2208 385 2256 cum
402 2208 425 2257 a
442 2184 520 2257 Deo
544 2186 648 2279 jussa
664 2183 814 2273 fuerint,
831 2197 984 2279 peccata
1006 2208 1084 2257 esse
1111 2210 1194 2261 non
1222 2202 1349 2287 potue

300 2309 398 2371 runt.
451 2298 524 2370 Sed
560 2298 650 2387 Deo,
678 2297 773 2371 sicut
800 2322 912 2394 opera
934 2300 1035 2394 justa
1063 2298 1146 2371 sine
1178 2302 1273 2393 fide,
1303 2304 1352 2377 iu

300 2412 409 2484 etiam
428 2411 647 2483 sacrificium
675 2424 713 2483 et
740 2411 860 2485 cultus
886 2412 1004 2485 omnis
1030 2412 1108 2485 sine
1133 2416 1292 2509 justitia
1317 2428 1352 2491 et

301 2524 479 2597 charitate
497 2523 721 2597 abominatio
740 2537 805 2595 est.

121 2723 156 2753 oe
191 2722 239 2751 mn
352 2646 386 2709 8.
414 2637 542 2711 Colere
573 2638 720 2732 proprie
755 2636 912 2710 dicimur
942 2636 1034 2710 illud
1063 2638 1248 2737 quiequid
1286 2656 1351 2733 est,

254 2740 259 2750 ’
300 2750 399 2845 quod
417 2750 543 2824 officiis
561 2762 600 2822 ct
616 2750 740 2822 labore
757 2751 947 2824 studemus
965 2752 1071 2825 nobis
1087 2752 1214 2827 faeere
1232 2780 1352 2853 quan-

301 2876 380 2937 tum
396 2888 587 2960 possumus
613 2866 830 2938 beneficum.
883 2865 944 2938 Sic
961 2877 1097 2939 terram
1114 2866 1290 2959 colimus,
1309 2882 1352 2943 ut

300 2977 456 3050 feracior
482 2977 587 3051 nobis
610 2977 683 3058 sit;
710 2977 876 3049 homiues
894 2989 1064 3073 potentes
1094 2978 1254 3055 colimus
1283 3006 1350 3079 po·

301 3089 427 3163 tentiae
452 3090 510 3162 vel
527 3090 686 3185 praesidii
704 3089 857 3185 alicujus
883 3090 1000 3163 nostri
1018 3114 1150 3175 causa;
1175 3092 1234 3167 sie
1253 3118 1346 3189 quo·

301 3227 371 3298 que
401 3203 520 3276 Deum
547 3203 710 3291 colimus,
733 3215 776 3275 ut
803 3228 887 3276 enm
914 3204 1114 3277 habeamus
1139 3206 1348 3303 propitium

300 3317 417 3390 nobis.
458 3318 524 3389 Est
541 3340 628 3413 ergo
644 3317 763 3389 cultus
782 3316 925 3389 ‹iirinus
941 3316 1022 3389 illas
1039 3316 1202 3391 actiones
1220 3343 1346 3416 agere,

300 3456 382 3527 qnae
399 3430 546 3526 pietatis
564 3454 653 3525 erga
669 3430 789 3503 Deum
802 3430 908 3525 signa
925 3442 1023 3503 sunt.
1057 3429 1128 3503 Hae
1145 3430 1248 3505 enim
1265 3433 1347 3507 Deo

299 3556 416 3639 gratae
429 3556 526 3632 sunt,
545 3554 582 3615 et
599 3544 656 3615 his
673 3543 759 3616 solis
773 3544 953 3639 propitius
971 3544 1077 3617 nobis
1090 3543 1196 3618 reddi
1206 3558 1345 3642 potest.

301 3658 396 3731 Sunt
422 3669 544 3729 autem
572 3656 736 3729 actiones
758 3657 831 3729 illae
857 3656 1019 3752 ejusdem
1042 3656 1262 3755 plerumque
1283 3686 1348 3759 ge-

299 3770 397 3842 neris
427 3793 512 3841 cum
543 3769 614 3842 illis
640 3768 859 3858 actionibuS,
888 3794 978 3866 quas
1009 3771 1163 3845 facimus
1193 3774 1346 3870 quando

299 3884 452 3955 colimus
469 3882 648 3970 homines
659 3881 724 3955 sed
737 3883 775 3955 in
786 3908 1009 3980 unoquoque
1021 3909 1156 3981 genere
1169 3887 1345 3984 optimae;

298 4020 385 4068 nam
411 3996 515 4091 signa
541 3995 612 4067 alia
634 3996 781 4090 pietatis
807 3998 1026 4071 naturaliter
1052 3997 1248 4075 ostendere
1267 4026 1348 4077 non

299 4132 504 4206 possumus.
538 4108 713 4181 Cultuum
726 4122 850 4183 autem
867 4110 960 4184 alius
974 4123 1028 4185 est
1039 4112 1233 4209 privatur,
1250 4115 1349 4193 alius

297 4220 486 4319 perblicnc.
539 4222 704 4296 Privatus
734 4234 801 4313 est,
834 4248 942 4320 quem
974 4227 1149 4300 exhibent
1175 4226 1349 4307 homiues
