2940 4980
352 288 402 355 98
728 302 779 353 nn
800 302 982 355 nomina.

171 502 266 551 seca,
279 504 317 554 11,
353 470 461 543 mala.
500 470 555 542 Ac
573 468 719 564 quando
737 470 853 565 major
868 494 954 567 pars
969 470 1069 544 bono
1084 484 1159 561 est,
1182 472 1311 547 series
1326 472 1411 547 bom

222 580 259 625 ¹¹·
355 584 502 672 dieitur,
517 594 554 655 et
566 584 775 679 appetitum
794 597 934 672 contra,
948 585 978 657 si
995 586 1118 679 major
1131 610 1234 683 pars
1248 588 1351 661 mola
1361 588 1410 677 sit,

53 688 58 695 Ι
169 650 312 687 *¹5⁶

354 709 474 771 totum
499 695 724 791 repudiatur,
751 696 782 768 si
807 708 932 769 tamen
957 696 1010 769 ita
1033 720 1115 769 esse
1134 700 1347 795 cognitum
1362 700 1410 773 sit

356 808 465 883 Unde
494 809 618 881 evenit
647 822 688 881 ut
716 808 881 881 homines
911 808 1081 905 imperiti,
1117 814 1411 909 consequentias

355 946 477 995 rerum
494 946 623 1017 parum
640 922 749 1017 longe
766 922 1041 1018 prospieientes,
1059 924 1167 1019 quod
1183 927 1343 1001 bonum
1359 952 1413 1025 ap

355 1050 459 1132 paret
493 1036 690 1131 aceipirmt,
725 1036 860 1108 malum
889 1060 1073 1109 annexum
1101 1062 1188 1111 non
1220 1040 1412 1123 videntem

355 1161 484 1245 postea
500 1149 714 1221 damnosum
729 1150 977 1244 experiuntur.
1003 1150 1127 1247 Atque
1145 1150 1229 1227 hoe
1246 1152 1415 1250 estquod

355 1264 484 1337 volunt
515 1263 579 1351 illi,
610 1262 672 1355 qui
701 1264 839 1335 bonum
869 1276 907 1335 et
933 1264 1068 1337 malum
1096 1263 1357 1363 distinguunt
1382 1268 1415 1341 in

355 1402 479 1451 veram
496 1388 533 1449 et
550 1402 754 1473 (appareas

147 1506 260 1583 Bonum
407 1500 443 1563 6.
471 1491 658 1563 Bonorum
683 1502 806 1562 autom
823 1490 982 1585 primum
995 1502 1050 1563 est
1067 1514 1134 1563 sua
1150 1494 1305 1589 cuique
1334 1518 1416 1569 con-

145 1570 319 1695 fflffli
359 1605 527 1678 servatio.
558 1604 702 1677 Natura
718 1604 816 1676 onim
833 1617 1084 1699 comparatum
1101 1616 1173 1693 est,
1195 1620 1244 1681 ut
1263 1609 1416 1705 cupiant

144 1702 347 1823 fflssfffflf,
359 1742 486 1792 omncs
499 1718 567 1790 sibi
580 1718 674 1789 bene
689 1741 777 1789 esse.
803 1718 915 1812 Cujus
930 1730 969 1789 ut
982 1740 1135 1813 capaces
1148 1740 1239 1793 esse
1257 1722 1415 1817 possint,

142 1832 348 1889 mmmm
359 1856 508 1905 neeesse
525 1844 581 1903 est
598 1831 748 1925 cupiant
764 1830 890 1918 vitam,
914 1831 1119 1919 sanitatem,
1138 1842 1178 1903 et
1197 1834 1414 1933 utriusque,

359 1957 537 2041 quantum
564 1944 643 2015 fieri
668 1955 800 2038 potest,
826 1944 1059 2017 securitatem
1078 1944 1198 2017 futuri
1217 1948 1414 2045 temporis.

358 2057 498 2129 Contra
514 2080 613 2141 ver0,
632 2058 810 2129 malorum
828 2058 991 2130 omnium
1005 2057 1163 2153 primum
1180 2082 1306 2151 mors,
1320 2086 1414 2159 prae-

356 2169 482 2243 sertim
500 2194 584 2242 cum
602 2171 788 2254 cruciatu3
813 2195 896 2243 nam
915 2183 1027 2245 tantae
1044 2182 1201 2267 possunt
1220 2196 1311 2247 esse
1328 2174 1414 2249 vitoe

355 2285 605 2381 aegritudines
623 2295 676 2373 ut,
695 2285 764 2356 nisi
784 2309 909 2357 earum
926 2285 1010 2357 finis
1024 2284 1258 2381 propinquus
1276 2288 1414 2384 praevi-

356 2398 498 2486 deutur,
517 2397 655 2470 faciant
672 2410 827 2470 mortem
844 2398 942 2471 inter
963 2399 1061 2471 bona
1077 2399 1282 2471 numerari.

408 2513 586 2601 Potentia,
610 2510 641 2583 si
669 2510 803 2583 eximia
829 2512 888 2599 sit,
911 2512 1010 2584 bona
1036 2522 1102 2600 est,
1121 2510 1209 2607 quia
1236 2512 1348 2587 utilis
1364 2512 1413 2587 nd

356 2624 589 2720 praesidium3
608 2624 646 2696 in
663 2624 833 2719 praesidio
850 2636 974 2697 autem
991 2624 1177 2699 securitas,
1213 2625 1258 2699 Si
1272 2626 1413 2701 eximin

358 2761 433 2809 non
461 2738 521 2827 sit,
549 2737 710 2821 inutilis;
736 2760 822 2809 nam
849 2761 933 2833 quae
959 2738 1129 2811 omnibus
1153 2740 1313 2835 aequalis
1340 2752 1411 2831 est,

357 2852 459 2924 nulla
476 2863 543 2923 est.

408 2965 591 3038 Amicitiae
618 2966 739 3052 bonae,
762 2987 893 3060 nempe
922 2964 1044 3037 utiles.
1095 2965 1193 3037 Nam
1226 2966 1409 3041 amicitiae

359 3078 507 3151 eumad
525 3078 643 3151 multa
672 3076 744 3150 alia
771 3088 851 3150 tum
878 3077 925 3150 ad
950 3077 1161 3173 praesidium
1191 3078 1408 3155 conferunt.

359 3191 490 3287 Itaque
507 3191 707 3264 inimicitiae
725 3190 843 3279 malae,
860 3202 902 3262 ut
929 3215 1012 3286 quae
1042 3190 1205 3286 pericula
1229 3192 1407 3283 afferunt,

359 3304 572 3401 praesidium
591 3304 737 3377 tollunt.
1348 3380 1355 3391 ,

410 3422 445 3501 7.
473 3418 632 3505 Divitiae,
645 3417 674 3489 si
686 3418 866 3512 ingentes
877 3440 1009 3513 nempe
1019 3429 1062 3489 ut
1074 3417 1239 3491 definivit
1251 3418 1407 3495 divitem

360 3532 546 3619 Lucullus
565 3554 649 3602 eum
667 3553 745 3601 esse
772 3529 835 3625 qui
862 3530 1063 3603 exercitum
1090 3530 1187 3603 alere
1213 3532 1335 3626 possit
1360 3556 1407 3607 ex

361 3669 438 3733 suo,
473 3644 576 3716 utile.
630 3645 724 3715 Sunt
760 3643 856 3715 enim
890 3643 1101 3738 praesidium
1135 3644 1212 3715 fere
1246 3658 1406 3721 eertum.

359 3758 481 3831 Etiam
492 3757 659 3843 modicae,
672 3756 810 3829 volenti
828 3757 898 3829 illis
912 3756 959 3828 ad
972 3756 1183 3851 praesidium
1193 3756 1262 3845 uti,
1277 3758 1407 3845 utilem

359 3894 445 3943 nam
463 3870 659 3965 acquirunt
675 3870 853 3942 amicitias
869 3901 877 3953 ;
905 3868 1077 3941 amicitiae
1090 3882 1214 3942 autem
1227 3872 1406 3965 praesidio

360 3995 457 4056 sunt.
486 3984 706 4056 Nolentibus
723 3994 847 4056 autem
861 3981 908 4055 ad
921 3982 1132 4077 praesidium
1145 3981 1212 4071 uti,
1227 3982 1410 4061 invidiam

358 4111 575 4195 provocant.
629 4099 723 4170 Sunt
741 4121 830 4191 ergo
850 4096 979 4169 bomem
997 4120 1192 4194 apparens
1209 4108 1372 4175 tantum.

411 4209 571 4300 Divitiae,
589 4235 664 4284 non
677 4210 815 4283 relictae
833 4209 898 4281 sed
911 4208 1095 4283 industria
1110 4208 1262 4305 propria
1278 4214 1411 4311 aequi-
