2940 4980
315 291 381 356 112
731 308 786 359 on
805 307 988 362 nonnus.

120 502 216 553 sacr,
232 504 268 555 n.
309 494 435 545 eorum
453 472 516 567 qui
534 472 724 571 inceptum
741 498 948 549 sermonem
964 476 1081 549 finire
1100 500 1192 551 non
1210 488 1364 575 possunt,

127 582 269 685 ᾧ
308 586 458 659 abducti
469 588 751 683 cogitationibus
764 588 987 685 aproposito
1000 590 1163 667 alienis.
1207 590 1365 665 Tardita

309 711 452 788 contra,
476 700 507 771 si
536 700 686 773 modum
715 701 881 791 excedat,
900 702 1036 776 desinit
1064 704 1110 777 in
1137 704 1265 781 aliam
1291 704 1366 779 stul·

310 812 401 885 titiae
418 812 587 907 speciem,
607 814 670 910 qui
686 826 742 886 cst
759 826 899 911 stupor.

361 925 471 1001 Quod
496 925 630 1000 dicitur
646 928 768 1022 tulg0,
785 952 889 1003 senes
914 926 1066 1025 ingenio
1096 954 1192 1005 esse
1221 932 1275 1005 ad
1291 930 1368 1005 diri

309 1037 380 1109 tias
403 1038 510 1112 nimis
527 1052 683 1129 attento,
701 1064 829 1113 verum
846 1065 922 1114 non
940 1052 1007 1115 est.
1062 1040 1179 1117 Nam
1199 1044 1308 1143 quod
1322 1066 1368 1117 se-

310 1174 398 1221 num
414 1175 642 1248 magnapars
655 1152 811 1241 divitias,
824 1153 955 1249 quibus
973 1152 1136 1229 minime
1148 1158 1268 1231 usuri
1281 1170 1368 1245 sunt,

310 1287 480 1337 accrvare
498 1266 628 1353 solent,
641 1289 716 1338 non
727 1265 765 1337 id
778 1266 917 1339 faciunt
931 1290 975 1339 ex
988 1264 1152 1363 ingenio
1168 1272 1300 1361 senili,
1313 1268 1369 1345 sod

311 1400 355 1449 ex
382 1376 504 1449 studio
533 1390 732 1473 perpetuo;
759 1403 845 1452 nam
872 1390 959 1452 ante
988 1392 1243 1457 senectutem
1280 1383 1369 1457 idem

309 1502 387 1562 crat
405 1490 578 1578 studium,
593 1514 723 1586 nempe
741 1501 795 1580 ut,
815 1491 1040 1587 experiundo
1061 1518 1281 1594 quousque
1291 1520 1369 1595 pro·

310 1603 435 1676 dantia
452 1626 518 1675 suo
534 1614 572 1675 et
588 1604 735 1698 ingenio
753 1604 791 1677 in
809 1604 1040 1701 acquirendis
1065 1604 1222 1683 divitiis
1242 1632 1369 1707 proee-

310 1715 397 1787 dere
414 1728 581 1811 possunt,
599 1716 744 1789 sibimet
761 1718 850 1814 ipsis
862 1731 1012 1814 possent
1028 1719 1288 1815 applaudere,
1305 1746 1368 1797 nee

311 1839 352 1901 nt
366 1828 507 1901 'divitiis
525 1829 607 1918 illis,
626 1828 691 1903 sed
707 1830 904 1925 prudentia
921 1855 988 1904 sua
1003 1830 1077 1903 frui
1094 1848 1280 1928 possent,
1300 1860 1368 1935 qua

311 1945 390 2017 illas
420 1955 692 2041 congesserunt.
746 1945 875 2040 Neque
901 1946 971 2019 hoc
996 1945 1131 2018 mirum
1158 1948 1292 2022 m‘deri
1310 1948 1367 2023 de·

309 2056 393 2141 bet;
412 2080 497 2129 nam
511 2068 549 2129 et
566 2058 628 2153 qui
641 2058 756 2131 literis
774 2057 935 2146 student,
947 2068 1086 2154 quanto
1104 2068 1226 2133 aetate
1246 2062 1366 2159 magis

309 2170 560 2266 provebuntur
589 2183 693 2243 tanto
719 2172 836 2268 magis
863 2171 1055 2245 scientiam
1084 2194 1232 2268 augere
1264 2174 1365 2249 soliti

310 2295 407 2373 sunt,
421 2296 627 2380 spectantes
644 2283 755 2356 animi
769 2284 825 2357 sui
838 2284 1012 2357 virtutem
1030 2283 1068 2356 in
1086 2283 1265 2377 scientia,
1280 2300 1364 2362 tan-

311 2420 421 2492 quam
438 2397 476 2470 in
487 2398 646 2494 speculo.
687 2398 854 2495 Denique
873 2422 998 2471 omnes
1012 2398 1243 2491 institutum,
1258 2402 1363 2499 quod

309 2510 497 2607 elegerint,
522 2522 565 2583 ut
577 2511 882 2607 jucundissimum
906 2536 1023 2609 usque
1048 2511 1096 2585 ad
1121 2525 1361 2589 senectutem

309 2646 440 2696 ornare
471 2634 509 2695 et
536 2624 702 2697 excolere
729 2624 848 2696 solent
872 2637 1051 2720 quantum
1073 2624 1226 2711 valent;
1254 2628 1360 2703 etin

309 2747 497 2809 senectute
514 2736 770 2825 maximenon
788 2736 874 2832 quia
890 2737 1063 2828 seniores,
1075 2736 1140 2810 sed
1159 2738 1253 2833 quia
1268 2764 1358 2837 pro-

307 2848 474 2922 fecerunt
499 2850 627 2945 magis,
646 2872 748 2921 more
771 2872 898 2921 earum
927 2874 1050 2923 rerum
1077 2874 1158 2945 quae
1188 2874 1261 2925 sua
1288 2878 1357 2927 no-

308 2972 392 3035 tura
409 2988 480 3058 quo
498 2963 643 3059 longius
662 2987 705 3035 co
722 2962 882 3035 velocius
898 2987 1040 3059 semper
1056 2962 1239 3037 feruntur.

100 3083 296 3132 namneum,
360 3086 393 3149 3.
420 3075 749 3151 Aconsuetudine:
771 3076 1172 3173 proptereaquodquae
1185 3078 1355 3153 novaof·

308 3189 476 3278 fendunt,
495 3191 533 3263 id
559 3200 626 3279 est,
646 3191 777 3286 quibus
799 3190 836 3261 in
854 3190 1035 3287 principio
1061 3190 1199 3263 resistit
1215 3202 1355 3265 natura

308 3304 478 3393 hominia,
497 3303 624 3377 eadem
650 3304 782 3399 saepius
808 3304 941 3376 iterata
957 3314 1128 3376 naturam
1146 3303 1351 3399 subigunt3

309 3428 346 3490 et
363 3418 481 3513 primo
493 3416 640 3513 quidem
650 3417 746 3489 ferre
758 3440 808 3505 se,
824 3441 909 3490 mox
923 3428 1046 3489 autem
1057 3439 1179 3490 amare
1197 3428 1351 3513 cogunt.

310 3531 353 3604 ld
371 3531 470 3628 quod
487 3532 524 3603 in
536 3532 712 3627 regimine
731 3531 894 3625 corporis
905 3530 1074 3619 maxime,
1089 3528 1222 3603 deinde
1235 3532 1351 3605 etiam

309 3646 346 3717 in
381 3644 654 3741 operationibus
685 3643 797 3716 animi
819 3644 1051 3739 perspicuum
1087 3656 1154 3719 est.
1217 3643 1352 3741 ltaque

308 3758 393 3830 vino
404 3760 449 3832 ab
464 3757 709 3830 adolescentia
719 3757 865 3846 assueti,
875 3757 974 3830 haud
986 3755 1092 3830 facile
1105 3756 1351 3841 desuescunt;

309 3882 347 3943 et
364 3870 594 3966 opinionibus
612 3870 888 3965 quibuscunque
905 3894 929 3942 a
951 3869 1109 3965 pueritia
1125 3868 1270 3959 imbuti,
1287 3894 1354 3943 eas

308 3984 522 4081 plerumque
546 3982 707 4056 retinent
725 3982 837 4055 etiam
860 3982 898 4055 in
916 3993 1118 4071 senectute,
1143 3984 1355 4077 praesertim

309 4097 473 4170 homines
487 4096 550 4192 qui
566 4120 653 4185 non,
668 4095 736 4168 nisi
750 4096 788 4167 in
807 4096 917 4168 rebus
929 4095 1198 4191 pertinentibus
1211 4094 1261 4169 ad
1271 4120 1356 4173 rem

309 4210 537 4297 familiarem,
549 4209 594 4281 de
604 4234 692 4283 vero
703 4220 740 4283 et
750 4208 842 4282 falso
853 4232 1078 4305 magnopere
1092 4207 1239 4282 solliciti
1249 4222 1353 4287 sunt.
